2694 3906
173 165 237 230 184
598 164 736 220 TITINIV
738 165 755 219 S

654 332 698 392 IV

120 451 190 502 160.
215 486 222 499 .
244 434 343 499 uelim
367 455 427 521 ego
451 455 521 500 osse
544 435 633 499 arare
657 456 806 519 campum
828 436 955 499 uersum

245 554 387 610 Charisius
405 572 432 624 p.
452 561 487 609 40
505 555 535 610 P.
557 555 604 609 ‘ab
628 555 682 609 hoc
706 571 794 624 osse,
817 555 901 609 huius
925 555 1002 610 ossis.
1041 555 1087 610 sic
1109 554 1185 609 enim

174 627 260 682 debet
274 625 417 692 decfinari,
435 643 493 680 non
507 627 544 680 ab
558 626 612 680 hoc
626 643 698 694 osso,
713 626 786 680 sicut
794 626 883 680 Varro
897 625 982 682 dixit:
1002 642 1063 680 osse
1082 626 1183 680 scribe·

173 699 257 768 baut3
285 700 318 752 et
344 695 474 751 Ennius
503 697 544 767 (h.
564 713 587 752 e.
607 696 800 766 titinnius):
828 697 929 751 uelim’
960 714 982 752 e.
1002 715 1029 766 q.
1049 716 1069 752 s.
1106 697 1186 751 Idem

173 788 201 840 p.
217 775 268 824 112
282 770 313 824 P.
335 769 386 822 ‘os
403 767 601 838 monosyllaba
620 771 700 823 extra
713 768 876 838 analogiam
890 785 949 823 esse
963 768 1072 823 Plinius
1086 768 1185 823 eodem

174 841 247 896 libro
271 842 350 894 sexto
374 839 485 908 scribit,
514 841 543 894 et
566 839 647 894 addit
670 856 702 894 eo
725 839 817 909 magis
845 839 1075 895 consuetudinem
1097 839 1127 893 in
1151 855 1184 893 eo

174 929 235 968 esse
253 911 437 966 retinendam.
475 909 643 966 Titinium
662 909 759 965 uelim’
780 926 803 965 e.
819 928 845 978 q.
861 929 882 966 s.
911 911 951 966 cf.
970 912 1056 966 Attae
1075 911 1184 966 Satura.

250 1002 349 1057 Versus
362 1001 401 1055 sic
414 1001 471 1068 fare
483 1000 635 1056 cucurrisse
648 1001 768 1055 videtur:
782 999 869 1054 uelim
884 1001 936 1070 ego
950 999 1022 1054 istoc
1037 1001 1088 1070 (usi
1100 1001 1185 1070 nunc)

174 1088 350 1144 moecps

666 1149 694 1206 V

812 1233 925 1298 mirior

174 1323 249 1389 Tibi
271 1323 406 1388 uideor?

216 1459 219 1464 ·
246 1425 328 1480 Pauli
347 1426 446 1480 Festus
465 1444 492 1495 p.
508 1431 559 1480 123
573 1425 611 1480 M.
633 1425 766 1480 ‘mirior
784 1425 918 1480 dicebant
932 1425 1155 1496 compar-atinum
1169 1443 1188 1480 a

174 1497 253 1552 miro.
290 1496 445 1553 Titinnius:
464 1496 569 1566 mirior,
587 1496 688 1568 inquit,
708 1501 729 1553 t.
747 1498 786 1553 u.'

658 1629 703 1688 VI

175 1782 334 1797 ......
357 1730 438 1796 lenti
461 1730 575 1817 calido,
598 1731 714 1796 eluella
736 1736 769 1797 et
791 1731 913 1816 ripula,

175 1838 310 1904 Rumice

247 1958 356 2014 Nonius
375 1965 427 2014 210
455 1964 473 2012 4
493 1958 636 2013 ‘lentem
659 1959 833 2014 consuetudo
856 1958 991 2014 feminino
1010 1974 1112 2028 genere
1131 1957 1188 2012 dici

177 2031 241 2086 uult
261 2076 265 2086 .
282 2074 288 2086 .
305 2076 310 2086 .
329 2003 486 2085 masculino
505 2029 642 2086 Titinius:
662 2029 755 2084 ‘lenti’
776 2046 799 2085 e.
819 2049 845 2098 q.
865 2047 886 2084 s.

249 2126 263 2174 1
284 2119 388 2192 0100110Ι
402 2121 431 2174 01
443 2119 544 2189 rapula
557 2121 656 2190 scripsi
674 2118 889 2189 eluelletrapula
903 2121 943 2176 W
957 2119 1060 2174 eluella
1076 2118 1189 2189 trepula

177 2191 322 2273 p'eluella
339 2190 440 2273 rapula
459 2191 580 2262 Scaiipsr
658 2197 674 2245 2
693 2190 798 2245 rumice
820 2192 961 2248 Turnebus
977 2190 1082 2245 romice
1100 2191 1126 2245 L
1144 2207 1189 2244 ro-

177 2278 252 2317 mrae
272 2263 312 2317 F¹
329 2278 492 2333 romrcaep

653 2341 713 2400 VH

125 2441 176 2509 1'65
187 2441 432 2508 Obstrudulenti
455 2442 591 2529 aliquid,
615 2442 701 2528 quod
723 2442 949 2528 <per>psctdm
972 2442 1096 2508 sedens:

186 2547 255 2614 Aut
277 2548 519 2635 luculentaster,
542 2553 598 2614 aut
620 2549 790 2615 formaster
812 2547 960 2636 frigidus.

249 2669 349 2724 Festus
376 2689 403 2740 p.
425 2677 476 2725 193
503 2671 541 2725 M.
572 2671 798 2726 ‘obstrudant
825 2669 1012 2740 obsatullent,
1040 2670 1077 2725 ab
1106 2669 1190 2726 auide

178 2740 297 2795 truendo
316 2741 347 2794 in
364 2740 470 2812 gulam,
489 2759 546 2796 non
565 2743 700 2797 sumendo
719 2742 820 2798 cibum.
857 2742 938 2798 Vnde
958 2744 987 2797 et
1005 2741 1190 2796 obstrudu-

179 2813 310 2868 lentum
329 2855 469 2868 .......
483 2851 486 2857 1
486 2854 580 2868 .....
601 2813 674 2868 dixit
691 2813 824 2870 Titiniuss
849 2812 1067 2868 obstrudulenti’
1088 2829 1111 2869 e.
1126 2831 1152 2881 q.
1168 2831 1190 2868 s.

251 2906 265 2954 1
286 2900 324 2955 da
349 2900 457 2969 aliquid
476 2902 653 2958 Hermotimus
734 2905 847 2973 pactam
869 2904 939 2972 cod,
963 2904 1111 2973 00100011,
1134 2919 1192 2958 riori

174 2973 293 3044 peritius
311 2973 437 3028 dentibus
455 2973 560 3040 100000,
579 2979 611 3028 rit
628 2975 742 3043 ucterpr.
756 2974 835 3028 Bac:
851 2988 1016 3042 perpaucum
1034 2976 1192 3030 dubitanter

178 3045 281 3100 00001001
352 3043 458 3098 thaat
475 3043 660 3114 luculentum,
685 3061 732 3098 era
751 3045 930 3100 Herrnurcrrus
987 3043 1192 3100 luculentaster

181 3116 289 3170 *0000100
307 3115 386 3183 fidus
400 3131 453 3185 pro
471 3115 629 3170 lucuntulo'
650 3116 712 3170 Bas
774 3114 934 3170 formaster:
953 3116 988 3183 cf.
1009 3116 1141 3172 Placidus
1159 3117 1192 3171 iri

181 3186 252 3242 oei.
268 3185 294 3240 V
309 3190 343 3240 70
359 3185 392 3240 G.
418 3185 586 3254 ε1001000100,
605 3203 682 3256 opere
697 3186 834 3255 0101001οἶ
853 3185 994 3241 fomaster
1012 3186 1192 3243 Hermarircus

648 3317 724 3378 VIII

606 3417 685 3504 quin
708 3418 794 3505 togis
817 3439 890 3482 cum
914 3418 1070 3506 cc‘udidis,

181 3523 312 3588 Tunicis
335 3524 487 3612 sordidis,
510 3525 700 3608 synthsticis
724 3575 917 3590 .......
