2686 3910
188 199 230 262 72
515 197 699 254 CAEClLlVS
718 197 868 253 STATIVS

186 361 234 427 Vt
255 361 406 426 de'uomes
428 361 500 426 noli
522 361 609 446 quod
630 361 710 426 foris
731 360 903 444 potiueris.
1184 376 1201 418 s

259 481 366 536 Gellius
385 483 411 535 ll
430 488 472 552 23,
493 489 524 536 11
553 484 675 552 ‘praeter
693 484 871 536 uenusiatem
890 483 985 535 aulem
1002 497 1094 535 rerum
1113 483 1201 549 atque

188 554 338 608 uerborum
356 553 386 607 in
405 554 514 608 duobus
533 553 614 607 libris
632 570 810 621 nequaquam
827 569 924 622 parem
942 552 972 605 in
991 552 1045 606 hoc
1067 551 1200 620 equidem

189 625 265 678 soleo
294 624 419 678 animum
444 625 601 693 attendere,
629 625 704 693 quod
730 640 802 692 quae
829 624 982 678 Menander
1006 623 1151 694 praeclare
1170 626 1203 677 ei

189 695 318 766 apposite
337 698 366 750 ei
383 696 475 750 facete
494 695 614 766 scripsit,
634 712 668 749 ea
687 694 825 749 Caecilius
843 711 879 748 ne
897 712 954 763 qua
971 694 1066 764 poiuii
1084 693 1200 762 quidem

189 769 307 822 conalus
326 770 369 821 est
387 783 524 837 enarrare,
544 767 593 821 sed
612 765 694 835 quasi
712 765 826 820 minime
844 766 992 836 probanda
1009 765 1204 835 praelermisii

189 841 219 892 ei
241 837 300 892 alia
321 837 416 893 nescio
440 854 512 906 quae
535 837 649 892 mimica
670 837 826 892 inculcauii
849 839 878 892 ei
900 837 972 890 illud
996 836 1144 891 Menandri
1164 837 1200 890 de

188 909 250 964 uita
272 909 418 964 hominum
440 908 534 963 media
558 911 700 978 sumptum
722 907 842 978 simplex
865 911 894 962 ei
911 925 1010 962 uerum
1029 911 1057 962 ei
1076 907 1202 962 delecis-

188 980 247 1035 bile
271 981 365 1035 nescio
394 997 449 1050 quo
476 983 561 1049 pacto
590 979 693 1033 omisit.
729 979 821 1034 Idem
848 979 937 1033 enim
964 979 1027 1032 ille
1055 978 1202 1033 maritus

189 1068 292 1106 senex
314 1069 387 1106 cum
410 1052 522 1105 aliero
546 1067 624 1105 sene
652 1049 770 1104 uicino
799 1050 1004 1119 colloquens
1028 1053 1062 1105 et
1084 1050 1203 1104 uxoris

187 1123 377 1194 locupletis
397 1121 595 1192 superbiam
614 1123 802 1190 deprecans
821 1122 906 1176 haec
925 1121 989 1177 ait:

296 1228 348 1300 ἔχω
367 1228 395 1284 δ’
417 1229 567 1298 ἐπίκληρον
586 1228 711 1299 Λάμιαν·
731 1230 783 1284 οὐκ
802 1227 901 1298 είρηκοί
920 1246 964 1283 σοι

295 1298 383 1368 νοῦν’;
403 1295 453 1354 εἶτ’
476 1300 523 1369 ἄρ’
544 1299 619 1370 οὐχίς
637 1297 738 1368 κυρίαν
756 1309 805 1369 τῆς
824 1297 914 1362 οἰκίας

296 1372 417 1426 καὶτῶν
436 1372 529 1441 ίιγρῶν
548 1373 668 1426 καὶτῶν
686 1369 820 1426 ἁπάντων
839 1370 970 1439 ἄντικρυς

297 1441 408 1512 ἔχομεν,
422 1439 563 1510 Ἄπολλον,
582 1444 619 1506 ὡς
654 1446 765 1497 aiendi·
783 1442 986 1512 χαλεπώτατον.

296 1511 385 1566 ἅπασι
403 1511 430 1567 δ’
453 1513 575 1582 ἀργαλέοι
590 1512 671 1579 ’ossa
691 1515 742 1568 οὐκ
762 1513 822 1584 ἐμοὶ
841 1510 924 1586 μόνῳ,

296 1583 347 1674 vigi
365 1585 436 1708 poli
455 1589 570 1654 μᾶλλον,
589 1587 719 1655 θυγατρί.
740 1586 752 1645 ll
770 1582 879 1654 πρᾶγμ’
900 1583 1009 1654 ἄμαχον
1027 1583 1128 1654 λέγεις·

297 1673 328 1708 sn
348 1657 420 1709 odo.

191 1760 329 1817 Caecilius
347 1777 414 1814 uero
433 1760 486 1814 hoc
504 1759 535 1814 in
552 1759 615 1814 loco
633 1760 768 1815 ridiculus
786 1761 878 1832 magis
892 1778 977 1830 quam
990 1776 1128 1830 personae
1141 1759 1203 1830 isti,

190 1849 275 1900 quam
299 1831 455 1900 tractabat,
481 1834 564 1901 aptus
590 1834 675 1900 alque
701 1833 869 1887 conueniens
895 1832 988 1886 uideri
1005 1831 1115 1886 maluit.
1153 1831 1202 1886 Sic

190 1903 266 1958 enim
283 1903 353 1956 haec
371 1901 506 1972 corrupii:
533 1903 582 1956 sed
600 1904 661 1958 tua’
681 1919 704 1958 e.
724 1921 751 1972 q.
771 1921 791 1958 s.
828 1904 936 1958 Nonius
957 1909 1017 1973 233,
1038 1909 1053 1957 7
1074 1901 1207 1956 ‘anima

188 1991 300 2056 rursum
318 1973 408 2071 'alitus
432 1973 487 2027 oris
513 1975 542 2027 et
570 1973 640 2028 odor
658 2019 663 2029 .
681 2019 686 2029 .
703 2019 730 2030 ..
752 1974 902 2032 Caecilius:
931 1991 1019 2043 quae
1047 1973 1204 2028 mihi...

193 2062 313 2100 amma.

263 2192 277 2239 1
297 2192 347 2241 ual
366 2194 467 2256 rogas?
485 2187 584 2255 scripsi
602 2150 627 2256 i
642 2203 687 2240 me
705 2204 788 2258 rogas
808 2188 881 2243 Rota
902 2205 987 2256 quam
1008 2204 1122 2257 errogas
1142 2189 1206 2243 Vct.

191 2275 277 2326 quam
295 2273 393 2328 erogas
412 2258 477 2329 Rep.
497 2274 590 2326 quam,
609 2267 712 2328 rogas?
728 2277 806 2329 prop.
826 2261 916 2314 coroll.
936 2259 1025 2312 XXIX
1118 2264 1133 2311 2
1152 2258 1204 2326 qui

193 2327 265 2394 Quia
283 2329 399 2383 tandem
416 2330 483 2400 ch.
503 2345 573 2396 quas
592 2329 642 2397 qui
660 2330 775 2383 landem
793 2331 868 2385 aaa.
923 2336 939 2383 3
959 2329 1058 2384 adsedi
1072 2329 1162 2384 Nonii
1176 2330 1204 2386 G

192 2400 285 2454 aisedi
303 2401 330 2454 L
354 2399 466 2454 adsedit
484 2400 528 2454 H¹
547 2399 639 2454 assedi
658 2422 680 2470 φ
707 2418 740 2455 ac
758 2401 819 2455 sedi
839 2401 1001 2456 Gulielmius
1108 2399 1206 2454 auium

192 2472 266 2528 Noa.
286 2493 307 2526 ο
380 2478 528 2526 becomes
549 2471 661 2527 Cebetas

673 2658 721 2716 ΠΙ

191 2757 322 2823 Placire
345 2758 469 2844 occepit
491 2759 646 2846 grauiter,
668 2763 743 2844 post
767 2781 862 2843 quam
886 2761 1071 2824 emortuasi.

262 2879 371 2934 Nonius
391 2884 455 2948 314,
476 2885 509 2934 18
536 2881 613 2933 ‘nam
639 2883 668 2934 ei
692 2879 848 2950 grauiter
872 2880 993 2934 mulium
1017 2880 1204 2951 intellegitur.

193 2949 331 3005 Caecilius
349 2950 458 3006 Plocio:
477 2950 599 3020 placere'
621 2967 643 3006 e.
663 2969 689 3019 q.
710 2969 729 3005 s.
768 2951 933 3021 (Procilio
952 2951 1100 3023 BCH¹P¹)

193 3130 207 3182 t
264 3059 418 3113 emortuasi
436 3059 536 3126 scripsi
560 3059 701 3112 emortuas
724 3058 830 3113 ΒθΙι1
854 3059 981 3112 amorius
1004 3059 1048 3113 Η1
1070 3060 1114 3113 est
1131 3076 1206 3114 mor-

207 3145 245 3182 ua
264 3149 286 3198 φ

677 3244 721 3303 IV

204 3340 333 3408 Sdleine
360 3343 477 3408 mulier
505 3345 627 3408 de'oimo
659 3367 767 3410 mense
798 3346 932 3429 perere?
960 3383 1002 3392 -
1030 3344 1091 3410 Pol
1118 3347 1206 3410 nond

778 3472 914 3536 quoque,

141 3553 322 3622 rss'Eiiam
345 3555 482 3640 sepiimo
506 3557 602 3639 iique
626 3559 750 3622 octauo
