2684 3908
545 180 575 236 L.
593 177 776 234 AFRANIVS
1101 177 1166 241 237

227 339 318 394 Schol.
330 340 432 394 Veron.
446 337 477 394 in
489 339 572 410 Verg.
582 339 652 394 Aen.
662 339 688 393 X
702 343 755 393 564
769 337 877 392 ‘tacitis
891 337 1022 407 regnauit
1035 336 1168 406 Amyclis.

154 411 357 465 Adnotandum
380 410 456 479 quod
478 409 509 464 in
532 410 663 480 catalogo
686 409 769 464 huius
792 425 849 463 non
868 407 1005 463 meminit.
1043 407 1168 478 Amyclis

155 499 191 536 ex
208 481 358 552 prouerbio
440 485 583 551 sumptum
601 485 653 549 est,
672 480 751 535 cuius
766 479 899 534 Afranius
912 479 1042 534 meminit
1059 479 1089 534 in
1103 481 1168 534 Pro·

154 553 229 608 dito:
249 552 446 608 deliberatum’
463 569 523 622 eq.
535 571 555 609 s.
591 552 631 608 cf.
647 551 758 607 Servius
772 551 803 605 in
816 551 864 607 1.1.
882 551 963 622 (item
979 551 1065 607 schol.
1080 551 1168 607 Paris.

155 624 186 678 in
205 623 292 680 statii
306 624 392 679 Theb.
407 625 446 678 IV
459 629 511 678 259
531 625 574 679 ed.
593 641 611 678 a
629 623 701 678 Phil.
715 623 876 677 Kohlmann
893 622 924 676 in
941 640 1033 692 progr.
1048 623 1167 689 Posnan.

157 701 226 750 1873
244 715 271 777 p.
284 698 327 766 12)
348 695 425 750 ‘hinc
444 696 581 764 estquod
600 694 642 750 ait
659 693 827 750 Lucilius:
851 692 934 748 mihi
957 709 1098 748 necesse
1117 697 1170 748 cst

154 767 268 835 loquis
284 784 360 821 nam
379 765 450 821 scio
469 766 629 836 Amyclas
647 766 795 820 tacendo
813 763 981 835 periisse!
1014 765 1047 818 In
1065 764 1168 834 quibus

155 837 258 892 Lucilii
279 855 381 892 nomen
405 854 496 893 errore
521 837 657 908 positum,
687 839 780 892 cetera
806 839 902 892 autem
922 853 1012 906 prava
1033 836 1169 891 memoria

154 911 224 979 puto
248 910 392 964 destructa
415 926 489 978 esse;
512 908 623 964 Afranii
645 908 733 964 verba
755 908 887 962 laudasse
905 906 1045 961 Lucilium
1066 907 1169 962 statuit

154 981 187 1036 R.
197 979 409 1036 Bouterwekius
424 983 545 1049 quaestt.
558 979 646 1035 Lucil.
660 998 686 1050 p.
698 986 741 1048 29,
761 979 810 1048 qui
824 981 900 1034 certe
916 994 1046 1037 numeros
1067 981 1168 1048 pocius

155 1068 213 1106 non
231 1051 381 1106 adsecutus
401 1055 451 1107 est.
482 1051 522 1107 of.
537 1051 719 1133 pervigilium
732 1050 849 1106 Veneris
867 1069 894 1106 v.
906 1055 939 1104 92
960 1049 1012 1104 ‘sic
1026 1049 1167 1119 Amyclas,

155 1140 220 1177 cum
237 1125 373 1192 tacerent,
391 1123 517 1194 perdidit
535 1123 698 1178 silentrum.’

159 1298 161 1302 Ι
228 1235 242 1283 1
262 1247 307 1284 me
326 1231 513 1300 Honoratus,
532 1247 583 1286 cm.
600 1232 658 1286 cod.
750 1235 766 1283 2
784 1227 957 1283 Amunculas
975 1229 1169 1308 Hortrberpios

155 1318 224 1373 mos.
239 1301 326 1356 Rhea.
342 1308 384 1372 13,
400 1308 451 1357 639
466 1303 606 1372 persuasit
619 1302 767 1358 Rttsctaetrb
781 1317 872 1370 opusc.
886 1300 927 1354 ΙΙ
936 1303 996 1368 503,
1015 1301 1064 1370 qut
1081 1301 1169 1353 etiam

155 1372 307 1440 Amyculas
323 1379 508 1442 temptaverat.
527 1373 659 1443 Amyclas
674 1374 731 1429 cod.
750 1370 883 1441 Amyclas
903 1369 978 1424 enim
991 1371 1170 1426 Hcrmaoaas

209 1443 330 1498 tacendo
353 1443 470 1514 periisse
493 1445 532 1500 H.
549 1446 672 1514 Kctttas,
696 1445 743 1500 cai
765 1445 797 1498 ia
819 1445 876 1499 cod.
900 1445 984 1496 taccu
1082 1440 1169 1496 erissc

155 1517 290 1584 apparuit

155 1731 205 1796 Tu
228 1732 429 1796 senecionem
451 1731 537 1796 hunc
560 1732 639 1796 saitis
662 1735 712 1796 est
734 1732 762 1796 si
785 1732 906 1816 seruis,
930 1753 1017 1796 anus.

156 1924 199 1978 tu,
216 1851 388 1992 ePrpscsianus
405 1871 433 1923 p.
449 1857 500 1906 618
518 1853 549 1908 P.
569 1853 665 1916 ‘senen¹
683 1852 820 1908 senecio
838 1853 971 1908 Afranius
989 1852 1020 1907 in
1038 1850 1168 1908 Prodito:

228 2033 323 2086 seruat
341 2032 431 2102 Boop.
504 2048 588 2086 sanus
607 2033 706 2086 Bamb.
724 2014 807 2085 ⁵anus
828 2031 908 2086 Grai.

639 2200 687 2258 ΠΙ

156 2277 165 2366 .
190 2299 357 2387 Remeh'go
386 2324 405 2364 a
431 2299 568 2364 Laribus
595 2301 693 2365 missa
720 2322 792 2364 sum
818 2299 904 2364 hunc
932 2321 1013 2384 quae
1040 2319 1169 2363 cursum

742 2406 917 2471 cohibeam.

167 2551 169 2557 .
229 2529 329 2584 Festus
347 2546 374 2598 p.
390 2533 442 2582 277
461 2527 498 2582 Μ.
519 2527 751 2599 ‘remeligines
773 2530 802 2582 et
824 2544 949 2583 remorae
967 2544 985 2581 a
1003 2527 1169 2582 remorando

158 2600 253 2655 dictae
281 2601 347 2654 sunt
368 2631 404 2639 —
428 2599 464 2652 ab
489 2598 606 2654 Afranio
634 2598 664 2653 in
690 2597 819 2654 Prodito:
847 2597 982 2668 remeligo
1008 2615 1026 2652 a
1050 2597 1169 2652 Laribus

157 2671 245 2726 missa
259 2689 320 2724 sum
333 2671 406 2724 hanc
421 2687 494 2738 quae
513 2688 624 2724 cursum
638 2669 829 2743 cohib[eam].'
854 2669 894 2725 Cf.
909 2670 1052 2739 Roepcrus
1067 2669 1168 2724 Philol.

157 2743 266 2868 D'hlw
289 2741 494 2812 Remeligincm
516 2741 608 2811 ipsam
626 2741 705 2810 loqui
723 2744 798 2796 recte
818 2741 849 2797 Ο.
864 2739 1016 2796 Muellerus
1036 2739 1169 2798 statuisse

156 2832 186 2868 vr
207 2830 276 2868 eur.

230 2920 353 2990 Eoeptcrc
365 2921 478 2976 initiam
490 2937 583 2976 versos
598 2921 683 2989 uolui,
702 2921 769 2989 petio
781 2922 862 2976 corto
875 2922 982 2977 ratione
994 2921 1056 2988 ficri
1069 2925 1170 2989 potest:

157 2993 225 3056 nam
246 2990 392 3060 Remeligo
416 2999 466 3047 aot
487 2990 633 3060 Remeligo
657 3007 736 3061 ergo,
761 2993 821 3048 otia
842 2999 875 3047 at
896 2993 1011 3048 mittam.
1083 2989 1169 3044 missa

158 3081 221 3116 sum
240 3066 244 3132 Ι
265 3062 411 3132 Remeligo
435 3081 456 3118 e.
476 3081 500 3133 q.
518 3081 539 3118 s.
564 3063 657 3118 Facta
683 3079 762 3118 revue
784 3065 817 3119 dc
839 3065 936 3133 philol.
960 3061 1051 3118 xvffl
1078 3063 1170 3130 (1894)

153 3151 183 3204 p.
192 3140 251 3259 l{41³2
358 3133 431 3261 {Itane
454 3137 511 3190 eost.
538 3133 593 3188 huc
619 3135 735 3191 Vrsinus
842 3133 990 3190 cohibeam
1012 3133 1170 3205 Stephanos

157 3222 190 3260 co
212 3224 222 3258 1
258 3249 308 3261 ...
330 3221 387 3260 co.

584 3319 743 3386 PROMVS

654 3443 670 3502 I

157 3544 204 3610 Vc
227 3545 308 3610 scire
330 3545 448 3631 possis,
472 3544 512 3609 ad
536 3567 599 3630 quo
623 3549 655 3609 te
678 3544 827 3628 expediat
849 3545 948 3630 loqui.
