2668 3904
174 144 239 208 372
467 141 658 197 LENTVLVS
695 143 891 198 MARVLLVS

175 311 282 371 cutem
314 327 424 370 caesus
456 309 488 370 et
520 306 605 369 ultra
637 305 721 370 inter
753 306 891 370 firdones
923 305 988 370 iam
1018 303 1197 370 Nouianos·

175 412 375 478 coronandus
413 412 594 496 meritoque
636 411 900 499 mimographo
942 411 1105 476 Lentulo
1148 412 1217 475 in¹

177 519 450 584 Catinensibus
483 522 799 582 commemoratus
829 519 942 602 utique
975 517 1059 581 sicut
1090 519 1176 582 uestr

175 627 229 713 gia
247 630 393 690 cestuum
412 625 504 689 uiriis
523 625 702 710 occupauit,
721 626 767 688 ita
786 628 817 689 et
836 623 1031 688 endromidis
1048 625 1190 688 solocem

62 771 64 777 ·
176 733 284 817 aliqua
306 733 451 796 multicia
476 731 621 815 synthesi
648 732 807 796 extrusit?
854 729 900 796 Cf.
924 729 1015 796 Furii
1039 731 1190 796 Bibaculi

176 840 211 903 in
234 839 333 904 schol.
352 837 461 904 Iuven.
481 839 511 924 8,
531 839 571 902 16
599 861 728 904 versum
752 837 844 903 ‘Osce
871 860 967 902 senex
992 836 1190 922 Catinaeque

174 968 263 1032 puer,
288 945 431 1010 Cumana
453 945 627 1010 meretrix?

362 1133 652 1286 LENTVLL
707 1201 1000 1288 Hosussnl

247 1369 433 1438 Hieronymus
457 1369 519 1422 adv.
539 1369 629 1422 Rufin.
650 1369 676 1422 II
698 1388 725 1438 p.
740 1375 793 1422 414
818 1369 859 1422 ‘et
881 1367 963 1436 quasi
985 1367 1101 1420 mimum
1123 1364 1192 1419 Phi-

178 1439 300 1494 listionis
320 1439 366 1493 uel
384 1439 497 1494 Lentuli
516 1457 549 1494 ac
563 1439 591 1508 (l.
611 1443 671 1507 aut)
689 1439 804 1493 Marulli
828 1439 972 1508 stropham
990 1436 1115 1508 eleganti
1134 1453 1191 1490 ser-

178 1528 260 1565 mone
284 1511 453 1566 eonfictam’.
491 1511 531 1565 Cf.
550 1511 741 1565 Tertullianus
760 1510 945 1564 adnationes
964 1511 977 1564 I
997 1516 1030 1564 10
1050 1510 1192 1562 Mercator

176 1583 208 1636 in
231 1582 351 1636 Marium
373 1589 432 1651 p.9
456 1582 487 1636 Β.
514 1586 593 1651 (mus.
613 1583 701 1637 Rhen.
721 1588 769 1652 44,
789 1586 851 1652 530)
878 1581 1017 1635 Anubidis
1044 1578 1191 1650 personati

179 1672 215 1708 se.
236 1653 405 1706 adulterium
429 1653 545 1722 aliquod
567 1653 629 1722 ipso
649 1671 731 1707 aerae
751 1656 864 1707 nostrae
888 1653 971 1706 initio
990 1653 1096 1706 Romae
1115 1667 1190 1704 eom-

177 1724 294 1779 missum
314 1725 446 1793 Iosephus
471 1725 601 1792 antiquit.
616 1725 706 1779 XVHI
725 1731 781 1793 3,4
803 1727 913 1794 narrat;
938 1724 973 1777 de
996 1724 1075 1777 Luno
1095 1720 1188 1776 Carris

177 1796 252 1850 culto
272 1794 437 1864 Spartianus
455 1795 486 1849 in
505 1795 643 1850 Caracalli
661 1795 722 1850 vita
741 1813 763 1850 c.
780 1802 803 1850 ἵ.
897 1857 899 1861 ,

244 1921 462 1986 Tertullianus
495 1922 620 2008 apolog.
649 1922 689 1986 15
723 1922 882 2006 ‘dispicite
914 1921 1126 1986 Lentulorum
1159 1907 1192 1983 et

177 2029 394 2093 Hostiliorum
416 2032 601 2092 uenustates
627 2032 738 2092 utrum
761 2029 877 2092 mimos
903 2051 944 2092 an
967 2028 1042 2092 deos
1065 2029 1191 2090 uestros

177 2136 212 2199 in
239 2135 318 2200 iocis
346 2139 378 2199 et
406 2133 547 2219 strophis
573 2135 718 2198 rideatis:
748 2133 943 2198 moechum
970 2131 1125 2196 Anubin
1154 2135 1191 2196 et

175 2241 387 2306 masculum
423 2240 564 2304 Lunam
602 2244 639 2304 et
677 2239 835 2304 Dianam
874 2239 1116 2326 flagellatam
1153 2242 1189 2302 et

177 2347 283 2412 Iouis
315 2347 459 2411 mortui
490 2351 762 2411 testamentum
793 2346 999 2410 recitatum
1036 2349 1073 2410 et
1108 2349 1189 2410 tres

19 2499 22 2504 -
86 2513 87 2517 ,
178 2453 363 2518 Hercules
390 2453 589 2518 famelicos
616 2445 781 2518 inrisos?

479 2708 880 2796 MARVLLVS

249 2876 290 2930 De
311 2876 444 2930 Minnio
468 2874 631 2929 testimonia
655 2877 812 2946 composuit
833 2875 973 2946 Hauptius
996 2875 1089 2929 Herm.
1109 2875 1189 2930 143:

179 2948 251 3002 adde
271 2947 298 3002 S.
312 2946 425 3000 Paulini
444 2945 530 3016 epigr.
550 2945 580 2998 in
598 2963 671 3016 corp*
687 2947 753 3002 eccl.
770 2948 820 3002 lat.
837 2955 879 3018 16,
895 2955 945 3003 499
965 2965 991 3002 v.
1007 2951 1053 3016 79,
1079 2946 1114 3000 de
1132 2963 1189 3014 quo

179 3018 315 3074 Manitius
333 3018 364 3071 in
382 3035 451 3072 mus.
466 3017 554 3072 Rhen.
570 3023 612 3087 50,
628 3023 687 3072 153.

505 3185 669 3245 menam
691 3185 860 3276 nonnus

674 3295 690 3352 I

180 3443 187 3458 .
234 3445 240 3456 .
287 3445 293 3456 .
340 3445 346 3456 .
392 3397 429 3456 tu
451 3392 624 3456 Hecto'rem
647 3393 786 3458 imitare:
815 3394 855 3457 ab
878 3392 948 3458 'Ilio

179 3497 365 3581 Numquam
388 3498 518 3562 recedis.
