2686 3910
192 191 234 256 70
519 189 705 245 clmmws
722 189 874 244 aalma

190 353 277 418 Dum
307 353 378 417 eius
409 356 546 417 mortem
577 352 681 438 inhio,
716 354 847 439 egomet
882 352 967 416 inter
998 350 1092 415 uiuos
1123 350 1202 414 runo

367 450 372 464 Χ
826 460 982 524 mortuus.
1190 475 1202 515 ο

192 566 301 644 Quaen
328 564 411 631 milri
439 567 596 650 quidquid
624 567 730 651 placet
757 587 794 631 eo
821 567 986 650 priuatum
1012 564 1115 629 1'tme
1139 584 1203 628 ser-

827 673 936 736 uatam
961 669 1125 755 <uelim>?
1189 689 1202 729 ⁵

190 779 248 844 'lla
274 801 326 845 me
352 779 435 844 clam
461 799 497 844 ue
523 783 597 844 edm
625 799 697 844 mea
723 780 840 844 ancilla
864 778 914 843 ait
940 783 1145 842 consuetum.
1169 774 1203 842 id

828 908 880 950 me
902 885 1024 972 arguit:

138 993 249 1060 150'Ite
277 994 433 1080 plorando
463 995 594 1078 orando
614 994 763 1059 instando
793 997 890 1078 atque
920 991 1122 1080 obiurgando
1149 1013 1202 1056 me

707 1169 710 1174 ,
828 1097 969 1184 optusis,

256 1205 338 1272 Eam
360 1205 414 1272 uti
434 1207 614 1272 uenderem.
659 1227 744 1270 nunc
768 1207 862 1270 credo
885 1205 971 1270 iuter
993 1205 1067 1270 suis

255 1312 916 1400 Aequa'lis,eogna'tasserm6nemser1't:
1109 1303 1112 1308 ’
1176 1331 1202 1370 10

323 1419 419 1497 ‘Quis
440 1425 624 1486 nostrerum
647 1421 711 1485 filit
732 1423 860 1507 integra
882 1419 1024 1484 aetatula

389 1525 476 1603 Quae
498 1525 561 1592 hoo
583 1527 669 1592 idem
691 1550 711 1590 a
733 1528 806 1592 uiro
974 1521 976 1526 ’

138 1651 188 1699 155
322 1631 518 1717 'Impetrarr't
539 1655 613 1717 suo,
634 1633 805 1720 quddxego
829 1653 909 1698 auus
931 1632 1027 1697 modo

253 1735 370 1823 Effeci,
392 1737 514 1824 paelice
537 1741 574 1803 dt
597 1761 704 1804 meum
726 1741 889 1824 priuarem
911 1725 1061 1803 uiruml’

187 1845 275 1910 Hae'c
293 1849 388 1910 erunt
406 1844 542 1910 concssie
560 1845 705 1911 hooedie:
728 1845 857 1910 differor
875 1847 1021 1912 sermone
1039 1846 1162 1910 misere.
1175 1861 1201 1902 ιο

258 1965 461 2021 colinense
487 1965 610 2022 ‘Caecili
632 1967 759 2021 Plocium
783 1967 959 2038 legebamus:
987 1967 1202 2048 hautquaquam

187 2037 258 2092 mihi
275 2041 305 2092 et
322 2038 371 2108 qui
390 2038 509 2092 aderant
526 2037 705 2108 displicebat.
734 2038 861 2093 Libitum
880 2041 909 2093 et
926 2037 1074 2092 Menendn
1090 2054 1202 2106 quoque

187 2107 313 2163 Plocium
336 2109 443 2190 legere,
467 2126 485 2163 a
503 2126 559 2178 quo
582 2109 668 2164 istam
687 2109 863 2191 comoediam
881 2112 1014 2191 uerterat.
1052 2107 1202 2190 Sedenim

187 2181 689 2321 llllullrllummlllprllntndlt
712 2185 815 2322 aba
828 2180 1202 2321 *qlrllllltllllet

187 2323 341 2376 Menandro
356 2322 493 2377 Caecilius
511 2321 590 2376 uisus
608 2326 665 2378 est!
693 2323 839 2378 Diomedis
857 2323 951 2377 hercle
965 2339 1043 2376 arma
1057 2325 1086 2376 et
1100 2319 1202 2376 Glauci

186 2410 244 2448 nou
266 2393 373 2464 dispari
395 2393 486 2464 magis
508 2393 600 2463 pretio
624 2393 777 2448 aestimata
800 2397 873 2450 sunt.
910 2394 1075 2448 Accesserat
1097 2391 1201 2448 dehinc

187 2464 272 2518 lectio
292 2465 329 2518 ad
346 2481 411 2519 eum
428 2465 534 2534 locum,
558 2463 588 2518 in
611 2483 667 2534 quo
691 2465 836 2520 maritus
855 2481 957 2519 senex
975 2481 1077 2534 super
1095 2481 1201 2520 uxore

188 2535 299 2590 diuite
332 2539 434 2604 atque
467 2536 612 2590 deformi
649 2537 873 2605 querebatur,
910 2536 999 2604 quod
1035 2534 1201 2591 ancillam

187 2624 292 2676 suam,
315 2623 380 2660 non
402 2607 531 2661 inscito
554 2607 707 2676 puellam
729 2606 925 2661 ministerio
944 2609 977 2660 et
1002 2605 1093 2660 facie
1115 2605 1202 2662 haut

186 2677 382 2746 inliberali,
407 2681 548 2732 coactus
568 2681 643 2732 erat
661 2679 870 2732 uenumdare
889 2680 1083 2748 suspectam
1100 2678 1201 2732 uxori

186 2748 285 2817 quasi
303 2748 479 2817 paelicem.¹
508 2749 588 2802 Nihil
607 2749 702 2804 dicam
720 2766 772 2819 ego
791 2752 929 2818 quantum
947 2748 1067 2803 differat.
1093 2749 1199 2804 Versus

186 2819 326 2943 {lfflmqge
350 2819 434 2873 eximi
457 2819 527 2873 iussi
551 2823 580 2874 et
602 2820 667 2874 aliis
692 2821 730 2875 ad
750 2819 887 2875 iudicium
904 2819 1069 2874 faciundum
1086 2821 1200 2890 exponi.

217 2907 289 2944 enan
311 2906 340 2944 er
358 2907 411 2946 sro:
1023 2931 1025 2934 -

346 2993 391 3051 ἐπ’
413 2995 560 3068 ἀμφότεροι
579 3006 632 3052 νῦν
651 2999 668 3064 ἡ
685 2995 828 3068 ’πλιιληρος
846 2999 863 3070 ἡ
882 2998 953 3067 καλὴ

346 3067 437 3138 μέλλει
455 3067 654 3138 καθευδήσων.
675 3067 871 3140 κατείργασται
889 3069 959 3140 μέγα

346 3140 395 3194 ml
413 3137 581 3214 περιβόητοι
600 3140 694 3212 ἔργον
716 3139 746 3195 ἐιι
764 3149 813 3210 τῆς
832 3138 921 3204 οἰκίας

348 3209 458 3284 ἐξέβαλε
476 3212 528 3281 τὴν
546 3217 690 3267 λυποῦσαν
709 3211 744 3281 ἣν
764 3211 902 3284 ἐβούλετο,

313 3287 329 3336 5
350 3279 389 3338 ἵν’
411 3279 588 3356 ἀποβλέπωσι
606 3282 711 3346 πάντες
730 3283 769 3346 εἰς
786 3281 818 3340 τὸ,
837 3281 986 3354 Κρωβύλης

308 3411 313 3421 ,
347 3351 498 3422 πρόσωπον
517 3348 535 3426 ᾖ
552 3353 577 3408 τ’
600 3354 754 3425 εὔγνωστος
772 3350 831 3407 οὖσ’
855 3352 904 3423 ἐμὴ
924 3352 993 3424 γονὴ

346 3425 496 3480 δέσποινα.
534 3426 583 3480 καὶ
600 3426 652 3496 τὴν
671 3424 740 3494 ὄψιν
758 3423 793 3494 ἣν
813 3423 947 3492 ἐκτήσατο

349 3494 414 3558 ὄνος
433 3495 463 3550 ἐν
480 3496 616 3564 πιθήκοις
633 3503 715 3551 τοῦτο
734 3493 769 3565 δὴ
788 3494 819 3550 τὸ
838 3491 988 3566 λεγόμενον

349 3565 431 3621 ἔστιν.
451 3574 559 3622 σιωπᾶν
578 3567 714 3641 βούλομαι
731 3566 782 3636 τὴν
801 3567 889 3622 νύκτα
906 3566 959 3637 τὴν
