2686 3910
362 171 412 226 ΕΧ
430 170 595 227 INOERTIS
614 170 854 228 INOERTORVM
872 169 1025 228 FABVLIS
1136 169 1199 233 139

631 338 762 397 XXVIII

721 438 853 504 difficile
876 440 925 506 est
946 438 1045 524 loqui.

260 560 490 616 XXVIII-XXX
517 560 611 616 Cicero
635 559 716 630 episi.
737 561 775 614 cd
798 560 864 615 fam.
883 561 943 616 119
968 562 1043 615 ‘cum
1065 558 1199 630 gratulor,

188 636 251 688 'cum
268 648 335 686 uero
354 631 457 701 quibus
475 631 570 686 uerbis
588 630 643 686 dibi
661 631 768 712 gratias
793 649 877 702 egem
898 647 956 686 non
978 630 1100 700 reperio,
1124 629 1200 698 quod

188 704 231 759 ite
249 703 341 758 fuctus
361 703 408 772 sis,
427 706 459 757 ut
478 702 587 758 dederis
606 703 701 772 nobrs,
720 719 804 771 quem
823 703 975 758 admodum
993 701 1143 771 scripseras
1163 700 1200 754 nd

188 791 241 842 me,
261 790 345 844 quem
358 790 467 844 semper
479 774 570 828 ridere
584 775 751 844 possemus’·
770 774 814 841 (cf.
829 773 894 828 VIII
912 778 936 843 3,
953 779 977 828 1.
997 779 1021 842 9,
1038 779 1051 826 1
1070 772 1097 826 Π
1116 777 1157 840 10,
1174 773 1200 841 1)

190 847 300 914 ‘Itaque
319 845 522 916 cumprimum
539 844 650 912 audiui,
677 861 729 912 ego
752 844 802 900 ille
820 844 882 914 ipse
900 844 992 899 fuctus
1012 861 1073 900 sum
1091 875 1127 884 -
1145 841 1199 895 scis

186 933 273 986 quem
291 915 433 970 dicem—
447 915 548 986 egique
567 915 657 971 omnis
675 915 740 970 illos
760 916 1014 984 adulescentes,
1034 931 1117 982 quos
1137 912 1199 966 ille

187 987 333 1044 nctiint’
354 987 406 1058 (sic
423 986 565 1042 Victorius
584 986 731 1041 lectitet
748 986 836 1055 Med,
861 986 931 1042 item
948 985 1040 1056 iufra).
1079 983 1199 1038 ‘Diffi-

185 1059 255 1132 cile
283 1061 335 1113 est
361 1057 468 1127 loqui.
505 1058 544 1112 Te
570 1060 666 1113 eutem
689 1057 882 1128 contemplans
906 1057 1052 1112 absentem
1071 1057 1100 1109 et
1118 1053 1200 1124 qussi

185 1133 281 1185 tecum
300 1147 395 1184 coram
412 1129 553 1198 loquerer:
572 1146 638 1184 non
657 1128 779 1199 edepol
799 1171 805 1184 .
822 1172 828 1184 .
844 1172 850 1184 .
869 1127 1003 1184 feceris.
1033 1126 1113 1192 Quod
1132 1125 1199 1194 quia

186 1199 908 1340 lsslillilililnlmsfflssidlld⁰li0¹lfllilli
920 1196 1200 1324 dedidisse·

186 1343 250 1398 tiis
268 1342 399 1398 laetus'
420 1341 531 1412 (Caecil.
546 1345 618 1412 252),
637 1341 668 1394 in
683 1358 739 1410 quo
753 1358 817 1395 cum
831 1340 1002 1411 obiurgarer,
1022 1340 1097 1408 quod
1111 1338 1199 1392 nimio

184 1413 292 1486 gaudio
301 1429 392 1484 paene
402 1413 565 1484 desiperem,
575 1412 617 1468 ito
626 1428 671 1466 me
681 1412 879 1469 defendebam:
890 1428 951 1482 ego
966 1430 992 1466 u.
1002 1429 1027 1466 a.
1037 1409 1197 1465 nimiam!

186 1485 309 1610 §Trabea
327 1485 359 1540 fr.
379 1485 414 1554 II)
453 1483 533 1553 ‘quid
557 1483 687 1553 quaeris?
715 1483 783 1537 dum
805 1482 886 1537 illum
908 1482 999 1552 rideo,
1024 1497 1114 1552 paene
1138 1498 1200 1535 sum

200 1559 279 1610 ectus
298 1555 367 1610 ille’
405 1554 565 1610 Difficile
593 1557 645 1610 est
671 1553 768 1623 loqui
794 1553 857 1624 ipss
880 1570 991 1623 quoque
1009 1551 1199 1607 adulescentis

188 1627 334 1682 cuiusdam
347 1626 500 1682 exultantis
515 1626 602 1681 verbe
616 1642 677 1681 esse
692 1625 807 1681 conieci.
831 1624 980 1696 Reponitur
993 1625 1064 1679 haec
1078 1623 1199 1694 epistole

187 1701 253 1768 posi
273 1698 336 1753 VIII
354 1704 378 1754 5.

646 1776 745 1836 XXIX

185 1877 262 1946 Non
289 1879 403 1963 edepol
424 1879 582 1964 'qusniam
609 1899 677 1942 rem
705 1877 809 1964 egeris
837 1897 940 1962 neque
970 1877 1128 1961 qudntum
1154 1875 1199 1940 fe-

932 1983 1023 2048 cinus
1046 1982 1160 2048 feceris

192 2146 193 2154 ι
254 2087 318 2162 rem
336 2105 425 2176 egeris
445 2105 520 2162 Med.
539 2095 625 2162 altero
643 2107 762 2174 exemplo
781 2103 871 2174 egeris
889 2119 949 2158 rem
967 2106 1023 2161 cod.
1042 2106 1086 2160 hic

185 2339 389 2422 (Incredibile
411 2339 473 2404 hoc
495 2339 617 2404 fe‘eium
640 2237 781 2403 oiriiiiur
804 2388 997 2402 .......
1217 2353 1252 2401 4ο

248 2461 366 2516 lucium
380 2462 420 2516 cd.
429 2461 515 2530 antip.
525 2461 636 2530 siponto
647 2459 675 2513 A
689 2461 765 2530 apud
777 2459 915 2526 orricium,
934 2457 1200 2530 Marmei-Lapersa

186 2533 266 2588 fectu
284 2533 359 2588 Med.
379 2532 436 2588 cod.
455 2533 507 2599 hic,
525 2529 601 2585 fecto
620 2531 703 2586 Harl.
723 2531 790 2586 Por.
977 2550 979 2554 ·

645 2662 743 2720 XXXI

747 2823 751 2830 Α
773 2767 832 2811 nec
854 2743 983 2810 mdlieri

186 2839 257 2905 Nec
279 2837 403 2924 gremio
427 2834 513 2900 credi
536 2835 671 2918 opdriei.

259 2958 359 3014 Festus
372 2975 399 3027 p.
416 2961 466 3011 165
481 2955 518 3010 M.
535 2956 610 3009 ‘nec
624 2953 761 3009 mulieri
774 2971 835 3009 nec
849 2954 977 3036 gremio
993 2952 1088 3008 credi
1102 2969 1201 3022 opor-

187 3035 261 3087 tere
279 3026 461 3100 prouerbium
478 3029 529 3108 esi,
549 3026 625 3107 quod
643 3028 672 3080 et
690 3025 742 3080 ille
759 3025 860 3107 incerir
878 3029 907 3081 et
925 3025 996 3080 leuis
1013 3023 1100 3078 animi
1115 3026 1158 3078 esi
1171 3026 1201 3078 ei

186 3103 352 3182 plerumque
371 3099 402 3174 in
419 3099 651 3179 gremroposrie,
675 3114 739 3178 cum
756 3115 787 3153 ιιι
805 3097 979 3179 obliuionem
996 3097 1135 3150 uenerunt
1154 3111 1200 3177 err-

187 3169 559 3300 ffiieiltllmgiepmdunt',
597 3167 948 3238 Comoedreresp1c1v1sc
967 3169 1011 3222 esi
1028 3167 1066 3221 M.
1085 3165 1200 3221 Herizro

255 3261 291 3298 o.
397 3285 403 3295 .

195 3373 197 3378 .
262 3338 333 3402 loq.
371 3329 440 3386 Cum
462 3331 572 3386 cumdio
594 3330 728 3387 incertum
745 3329 793 3396 sit,
820 3345 888 3383 num
914 3328 946 3382 ic
973 3328 1110 3383 comoedia
1136 3328 1202 3382 hoec

188 3407 277 3461 iocum
299 3403 458 3470 mouerint,
486 3409 545 3457 tum
567 3401 599 3456 de
622 3402 742 3456 cumeis
763 3399 830 3454 certi
855 3399 928 3454 nuru
954 3399 1099 3468 addam
1126 3397 1201 3452 iicet:

186 3491 315 3601 {roesdisera
331 3491 353 3530 c.
367 3490 424 3528 cmo
442 3489 521 3529 cerco
538 3472 699 3528 continuare
712 3485 764 3525 nec
777 3468 889 3524 mdlieri
902 3485 954 3524 nec
968 3469 1075 3540 gremio
1090 3470 1201 3538 opomet
