<?xml version="1.0" encoding="UTF-8"?>
<!DOCTYPE html PUBLIC "-//W3C//DTD XHTML 1.0 Transitional//EN"
    "http://www.w3.org/TR/xhtml1/DTD/xhtml1-transitional.dtd">
<html xmlns="http://www.w3.org/1999/xhtml" xml:lang="en" lang="en">
 <head>
  <title>
</title>
<meta http-equiv="Content-Type" content="text/html;charset=utf-8" />
  <meta name='ocr-system' content='tesseract 3.04.00' />
  <meta name='ocr-capabilities' content='ocr_page ocr_carea ocr_par ocr_line ocrx_word'/>
</head>
<body>
  <div class='ocr_page' id='page_1' title='image "./scaenicaeromano07ribbgoog_0090.png"; bbox 0 0 2686 3910; ppageno 0'>
   <div class='ocr_carea' id='block_1_1' title="bbox 469 187 1150 253">
    <p class='ocr_par' dir='ltr' id='par_1_1' title="bbox 469 187 1150 253">
     <span class='ocr_line' id='line_1_1' title="bbox 469 187 1150 253; baseline 0.001 -11"><span class='ocrx_word' id='word_1_1' title='bbox 469 187 654 243; x_wconf 81' lang='lat' dir='ltr'>CAECILIVS</span> <span class='ocrx_word' id='word_1_2' title='bbox 673 187 823 242; x_wconf 81' lang='lat' dir='ltr'>STATIVS</span> <span class='ocrx_word' id='word_1_3' title='bbox 1109 190 1150 253; x_wconf 75' lang='lat'>73</span> 
     </span>
    </p>
   </div>
   <div class='ocr_carea' id='block_1_2' title="bbox 135 346 1152 986">
    <p class='ocr_par' dir='ltr' id='par_1_2' title="bbox 135 346 1152 986">
     <span class='ocr_line' id='line_1_2' title="bbox 212 346 1152 418; baseline 0.003 -17"><span class='ocrx_word' id='word_1_4' title='bbox 212 346 320 401; x_wconf 82' lang='lat' dir='ltr'><strong>Gellius</strong></span> <span class='ocrx_word' id='word_1_5' title='bbox 338 347 378 402; x_wconf 91' lang='grc' dir='ltr'>ΠΙ</span> <span class='ocrx_word' id='word_1_6' title='bbox 398 353 438 417; x_wconf 88' lang='grc'>16,</span> <span class='ocrx_word' id='word_1_7' title='bbox 459 353 475 402; x_wconf 86' lang='grc'>3</span> <span class='ocrx_word' id='word_1_8' title='bbox 495 348 564 402; x_wconf 82' lang='lat' dir='ltr'>‘hoe</span> <span class='ocrx_word' id='word_1_9' title='bbox 586 347 662 402; x_wconf 89' lang='lat' dir='ltr'>idem</span> <span class='ocrx_word' id='word_1_10' title='bbox 682 347 772 402; x_wconf 89' lang='lat' dir='ltr'>tradit</span> <span class='ocrx_word' id='word_1_11' title='bbox 790 347 877 402; x_wconf 89' lang='lat' dir='ltr'>etiam</span> <span class='ocrx_word' id='word_1_12' title='bbox 895 348 1049 404; x_wconf 76' lang='lat' dir='ltr'>Menander</span> <span class='ocrx_word' id='word_1_13' title='bbox 1066 352 1152 418; x_wconf 88' lang='lat' dir='ltr'>poeta</span> 
     </span>
     <span class='ocr_line' id='line_1_3' title="bbox 135 418 1151 488; baseline 0.001 -15"><span class='ocrx_word' id='word_1_14' title='bbox 135 418 287 488; x_wconf 90' lang='lat' dir='ltr'>uetustior,</span> <span class='ocrx_word' id='word_1_15' title='bbox 306 419 493 472; x_wconf 89' lang='lat' dir='ltr'>humanarum</span> <span class='ocrx_word' id='word_1_16' title='bbox 511 418 675 488; x_wconf 86' lang='lat' dir='ltr'>opinionum</span> <span class='ocrx_word' id='word_1_17' title='bbox 693 419 739 472; x_wconf 90' lang='lat' dir='ltr'>uel</span> <span class='ocrx_word' id='word_1_18' title='bbox 757 419 952 488; x_wconf 88' lang='lat' dir='ltr'>peritissimus.</span> <span class='ocrx_word' id='word_1_19' title='bbox 972 421 1076 475; x_wconf 83' lang='lat' dir='ltr'>Versus</span> <span class='ocrx_word' id='word_1_20' title='bbox 1091 420 1151 474; x_wconf 93' lang='lat' dir='ltr'>eius</span> 
     </span>
     <span class='ocr_line' id='line_1_4' title="bbox 137 489 1151 562; baseline 0.003 -18"><span class='ocrx_word' id='word_1_21' title='bbox 137 507 223 560; x_wconf 90' lang='lat' dir='ltr'>super</span> <span class='ocrx_word' id='word_1_22' title='bbox 242 506 276 544; x_wconf 90' lang='lat' dir='ltr'>ea</span> <span class='ocrx_word' id='word_1_23' title='bbox 294 505 323 544; x_wconf 92' lang='lat' dir='ltr'>re</span> <span class='ocrx_word' id='word_1_24' title='bbox 343 489 377 543; x_wconf 92' lang='lat' dir='ltr'>de</span> <span class='ocrx_word' id='word_1_25' title='bbox 395 489 495 544; x_wconf 86' lang='lat' dir='ltr'>fabula</span> <span class='ocrx_word' id='word_1_26' title='bbox 512 489 609 544; x_wconf 92' lang='lat' dir='ltr'>Plocio</span> <span class='ocrx_word' id='word_1_27' title='bbox 623 489 716 560; x_wconf 87' lang='lat' dir='ltr'>posui:</span> <span class='ocrx_word' id='word_1_28' title='bbox 736 492 806 561; x_wconf 73' lang='grc' dir='ltr'><strong><em>γυνὴ</em></strong></span> <span class='ocrx_word' id='word_1_29' title='bbox 820 499 885 546; x_wconf 78' lang='grc' dir='ltr'>κυεῖ</span> <span class='ocrx_word' id='word_1_30' title='bbox 897 491 966 546; x_wconf 75' lang='grc' dir='ltr'>δέκα</span> <span class='ocrx_word' id='word_1_31' title='bbox 980 500 1082 562; x_wconf 52' lang='lat' dir='ltr'>pavum</span> <span class='ocrx_word' id='word_1_32' title='bbox 1098 509 1151 547; x_wconf 72' lang='lat' dir='ltr'>*s*</span> 
     </span>
     <span class='ocr_line' id='line_1_5' title="bbox 138 560 1152 618; baseline 0.001 -2"><span class='ocrx_word' id='word_1_33' title='bbox 138 561 195 616; x_wconf 83' lang='lat' dir='ltr'>Sed</span> <span class='ocrx_word' id='word_1_34' title='bbox 222 563 318 615; x_wconf 89' lang='lat' dir='ltr'>noster</span> <span class='ocrx_word' id='word_1_35' title='bbox 346 560 519 615; x_wconf 77' lang='lat' dir='ltr'>Caecilius</span> <span class='ocrx_word' id='word_1_36' title='bbox 547 579 619 615; x_wconf 90' lang='lat' dir='ltr'>cum</span> <span class='ocrx_word' id='word_1_37' title='bbox 646 561 780 616; x_wconf 86' lang='lat' dir='ltr'>faceret</span> <span class='ocrx_word' id='word_1_38' title='bbox 808 562 924 616; x_wconf 91' lang='lat' dir='ltr'>eodem</span> <span class='ocrx_word' id='word_1_39' title='bbox 956 562 1090 617; x_wconf 87' lang='lat' dir='ltr'>nomine</span> <span class='ocrx_word' id='word_1_40' title='bbox 1118 565 1152 618; x_wconf 91' lang='lat' dir='ltr'>et</span> 
     </span>
     <span class='ocr_line' id='line_1_6' title="bbox 138 631 1150 702; baseline 0.003 -17"><span class='ocrx_word' id='word_1_41' title='bbox 138 632 292 686; x_wconf 90' lang='lat' dir='ltr'>eiusdem</span> <span class='ocrx_word' id='word_1_42' title='bbox 311 631 505 702; x_wconf 84' lang='lat' dir='ltr'>argumenti</span> <span class='ocrx_word' id='word_1_43' title='bbox 524 632 735 686; x_wconf 77' lang='lat' dir='ltr'>comoediam</span> <span class='ocrx_word' id='word_1_44' title='bbox 749 649 787 686; x_wconf 88' lang='lat' dir='ltr'>ac</span> <span class='ocrx_word' id='word_1_45' title='bbox 800 633 965 702; x_wconf 86' lang='lat' dir='ltr'>pleraque</span> <span class='ocrx_word' id='word_1_46' title='bbox 981 651 998 687; x_wconf 91' lang='lat' dir='ltr'>a</span> <span class='ocrx_word' id='word_1_47' title='bbox 1012 634 1150 688; x_wconf 89' lang='lat' dir='ltr'>Menan·</span> 
     </span>
     <span class='ocr_line' id='line_1_7' title="bbox 138 702 1151 774; baseline 0.001 -18"><span class='ocrx_word' id='word_1_48' title='bbox 138 703 198 758; x_wconf 91' lang='lat' dir='ltr'>dro</span> <span class='ocrx_word' id='word_1_49' title='bbox 223 705 385 772; x_wconf 90' lang='lat' dir='ltr'>sumeret,</span> <span class='ocrx_word' id='word_1_50' title='bbox 409 702 443 756; x_wconf 93' lang='lat' dir='ltr'>in</span> <span class='ocrx_word' id='word_1_51' title='bbox 465 703 639 758; x_wconf 88' lang='lat' dir='ltr'>mensibus</span> <span class='ocrx_word' id='word_1_52' title='bbox 662 707 776 757; x_wconf 91' lang='lat' dir='ltr'>tamen</span> <span class='ocrx_word' id='word_1_53' title='bbox 803 703 1022 774; x_wconf 77' lang='lat' dir='ltr'>genitalibus</span> <span class='ocrx_word' id='word_1_54' title='bbox 1044 705 1151 759; x_wconf 90' lang='lat' dir='ltr'>nomi-</span> 
     </span>
     <span class='ocr_line' id='line_1_8' title="bbox 137 774 1152 845; baseline 0.002 -18"><span class='ocrx_word' id='word_1_55' title='bbox 137 774 264 828; x_wconf 88' lang='lat' dir='ltr'>nandis</span> <span class='ocrx_word' id='word_1_56' title='bbox 283 791 350 828; x_wconf 89' lang='lat' dir='ltr'>non</span> <span class='ocrx_word' id='word_1_57' title='bbox 368 774 607 844; x_wconf 76' lang='lat' dir='ltr'>praetermisit</span> <span class='ocrx_word' id='word_1_58' title='bbox 621 778 792 845; x_wconf 85' lang='lat' dir='ltr'>octauum,</span> <span class='ocrx_word' id='word_1_59' title='bbox 807 792 904 844; x_wconf 89' lang='lat' dir='ltr'>quem</span> <span class='ocrx_word' id='word_1_60' title='bbox 917 775 1152 845; x_wconf 71' lang='lat' dir='ltr'>praeterierat</span> 
     </span>
     <span class='ocr_line' id='line_1_9' title="bbox 138 844 1152 914; baseline 0.002 -16"><span class='ocrx_word' id='word_1_61' title='bbox 138 845 333 899; x_wconf 84' lang='lat' dir='ltr'>Menander.</span> <span class='ocrx_word' id='word_1_62' title='bbox 371 844 488 900; x_wconf 79' lang='lat' dir='ltr'>Caecilii</span> <span class='ocrx_word' id='word_1_63' title='bbox 505 861 603 899; x_wconf 87' lang='lat' dir='ltr'>uersus</span> <span class='ocrx_word' id='word_1_64' title='bbox 621 845 684 899; x_wconf 91' lang='lat' dir='ltr'>hice</span> <span class='ocrx_word' id='word_1_65' title='bbox 703 849 782 902; x_wconf 85' lang='lat' dir='ltr'>sunt:</span> <span class='ocrx_word' id='word_1_66' title='bbox 802 845 920 902; x_wconf 89' lang='lat' dir='ltr'>soletne’</span> <span class='ocrx_word' id='word_1_67' title='bbox 942 863 964 900; x_wconf 93' lang='lat' dir='ltr'>e.</span> <span class='ocrx_word' id='word_1_68' title='bbox 980 864 1005 914; x_wconf 86' lang='lat' dir='ltr'>q.</span> <span class='ocrx_word' id='word_1_69' title='bbox 1022 864 1042 900; x_wconf 88' lang='lat' dir='ltr'>s.</span> <span class='ocrx_word' id='word_1_70' title='bbox 1071 847 1152 900; x_wconf 83' lang='lat' dir='ltr'>‘Eam</span> 
     </span>
     <span class='ocr_line' id='line_1_10' title="bbox 138 915 1152 986; baseline 0.003 -17"><span class='ocrx_word' id='word_1_71' title='bbox 138 932 199 970; x_wconf 91' lang='lat' dir='ltr'>rem</span> <span class='ocrx_word' id='word_1_72' title='bbox 218 915 372 970; x_wconf 88' lang='lat' dir='ltr'>Caecilium</span> <span class='ocrx_word' id='word_1_73' title='bbox 394 933 451 971; x_wconf 92' lang='lat' dir='ltr'>non</span> <span class='ocrx_word' id='word_1_74' title='bbox 473 915 679 971; x_wconf 86' lang='lat' dir='ltr'>inconsiderate</span> <span class='ocrx_word' id='word_1_75' title='bbox 704 917 808 972; x_wconf 84' lang='lat' dir='ltr'>dixisse</span> <span class='ocrx_word' id='word_1_76' title='bbox 825 935 916 986; x_wconf 91' lang='lat' dir='ltr'>neque</span> <span class='ocrx_word' id='word_1_77' title='bbox 934 920 1038 972; x_wconf 89' lang='lat' dir='ltr'>temere</span> <span class='ocrx_word' id='word_1_78' title='bbox 1057 935 1075 971; x_wconf 88' lang='lat' dir='ltr'>a</span> <span class='ocrx_word' id='word_1_79' title='bbox 1093 918 1152 972; x_wconf 90' lang='lat' dir='ltr'>Me-</span> 
     </span>
    </p>
   </div>
   <div class='ocr_carea' id='block_1_3' title="bbox 137 987 1152 1129">
    <p class='ocr_par' dir='ltr' id='par_1_3' title="bbox 137 987 1152 1129">
     <span class='ocr_line' id='line_1_11' title="bbox 138 987 1152 1062; baseline 0.002 -22"><span class='ocrx_word' id='word_1_80' title='bbox 138 987 249 1041; x_wconf 87' lang='lat' dir='ltr'>nandro</span> <span class='ocrx_word' id='word_1_81' title='bbox 268 990 354 1056; x_wconf 84' lang='lat' dir='ltr'>atquc</span> <span class='ocrx_word' id='word_1_82' title='bbox 373 1004 390 1042; x_wconf 88' lang='lat' dir='ltr'>a</span> <span class='ocrx_word' id='word_1_83' title='bbox 408 987 560 1042; x_wconf 90' lang='lat' dir='ltr'>multorum</span> <span class='ocrx_word' id='word_1_84' title='bbox 579 987 759 1057; x_wconf 88' lang='lat' dir='ltr'>opinionibus</span> <span class='ocrx_word' id='word_1_85' title='bbox 778 987 930 1044; x_wconf 86' lang='lat' dir='ltr'>desciuisse</span> <span class='ocrx_word' id='word_1_86' title='bbox 949 989 985 1044; x_wconf 90' lang='lat' dir='ltr'>M.</span> <span class='ocrx_word' id='word_1_87' title='bbox 1001 989 1090 1043; x_wconf 85' lang='lat' dir='ltr'>Varro</span> <span class='ocrx_word' id='word_1_88' title='bbox 1108 989 1152 1062; x_wconf 83' lang='lat' dir='ltr'>uti</span> 
     </span>
     <span class='ocr_line' id='line_1_12' title="bbox 137 1057 779 1129; baseline 0.003 -17"><span class='ocrx_word' id='word_1_89' title='bbox 137 1059 285 1113; x_wconf 89' lang='lat' dir='ltr'>credamus</span> <span class='ocrx_word' id='word_1_90' title='bbox 304 1057 393 1112; x_wconf 81' lang='lat' dir='ltr'>iacit’</span> <span class='ocrx_word' id='word_1_91' title='bbox 426 1058 466 1114; x_wconf 88' lang='lat' dir='ltr'>Cf.</span> <span class='ocrx_word' id='word_1_92' title='bbox 485 1058 581 1113; x_wconf 90' lang='lat' dir='ltr'>Plauti</span> <span class='ocrx_word' id='word_1_93' title='bbox 598 1060 698 1129; x_wconf 87' lang='lat' dir='ltr'>Amph.</span> <span class='ocrx_word' id='word_1_94' title='bbox 718 1065 779 1115; x_wconf 78' lang='lat'><strong>482.</strong></span> 
     </span>
    </p>
   </div>
   <div class='ocr_carea' id='block_1_4' title="bbox 137 1164 1153 1576">
    <p class='ocr_par' dir='ltr' id='par_1_4' title="bbox 137 1164 1153 1576">
     <span class='ocr_line' id='line_1_13' title="bbox 211 1164 1153 1236; baseline 0.002 -18"><span class='ocrx_word' id='word_1_95' title='bbox 211 1170 225 1218; x_wconf 91' lang='lat'>1</span> <span class='ocrx_word' id='word_1_96' title='bbox 251 1164 359 1219; x_wconf 89' lang='lat' dir='ltr'>soletne</span> <span class='ocrx_word' id='word_1_97' title='bbox 380 1165 525 1220; x_wconf 75' lang='lat' dir='ltr'>Hertrirts¹</span> <span class='ocrx_word' id='word_1_98' title='bbox 547 1165 686 1220; x_wconf 90' lang='lat' dir='ltr'>insoletne</span> <span class='ocrx_word' id='word_1_99' title='bbox 711 1187 745 1236; x_wconf 85' lang='grc' dir='ltr'>ω,</span> <span class='ocrx_word' id='word_1_100' title='bbox 767 1168 872 1221; x_wconf 77' lang='lat' dir='ltr'>maturi</span> <span class='ocrx_word' id='word_1_101' title='bbox 896 1167 986 1221; x_wconf 78' lang='lat' dir='ltr'>noluit</span> <span class='ocrx_word' id='word_1_102' title='bbox 1008 1165 1153 1220; x_wconf 78' lang='lat' dir='ltr'>Hertrics¹</span> 
     </span>
     <span class='ocr_line' id='line_1_14' title="bbox 137 1235 1152 1309; baseline 0.002 -20"><span class='ocrx_word' id='word_1_103' title='bbox 137 1235 270 1290; x_wconf 87' lang='lat' dir='ltr'>insuetne</span> <span class='ocrx_word' id='word_1_104' title='bbox 289 1237 407 1290; x_wconf 79' lang='lat' dir='ltr'>Botbics</span> <span class='ocrx_word' id='word_1_105' title='bbox 479 1242 620 1305; x_wconf 79' lang='lat' dir='ltr'>2n0n0q;</span> <span class='ocrx_word' id='word_1_106' title='bbox 648 1237 735 1291; x_wconf 89' lang='lat' dir='ltr'>etiam</span> <span class='ocrx_word' id='word_1_107' title='bbox 758 1238 832 1293; x_wconf 74' lang='lat' dir='ltr'>nott.</span> <span class='ocrx_word' id='word_1_108' title='bbox 852 1238 919 1309; x_wconf 73' lang='lat' dir='ltr'>Rey.</span> <span class='ocrx_word' id='word_1_109' title='bbox 943 1238 1003 1292; x_wconf 86' lang='lat' dir='ltr'>Vat.</span> <span class='ocrx_word' id='word_1_110' title='bbox 1023 1253 1152 1304; x_wconf 88' lang='lat' dir='ltr'>nonoque</span> 
     </span>
     <span class='ocr_line' id='line_1_15' title="bbox 138 1305 1153 1377; baseline 0.004 -17"><span class='ocrx_word' id='word_1_111' title='bbox 138 1309 168 1361; x_wconf 92' lang='lat' dir='ltr'>et</span> <span class='ocrx_word' id='word_1_112' title='bbox 187 1324 204 1366; x_wconf 85' lang='grc' dir='ltr'><strong><em>ς</em></strong></span> <span class='ocrx_word' id='word_1_113' title='bbox 221 1323 296 1361; x_wconf 92' lang='lat' dir='ltr'>nono</span> <span class='ocrx_word' id='word_1_114' title='bbox 320 1305 407 1361; x_wconf 87' lang='lat' dir='ltr'>etiam</span> <span class='ocrx_word' id='word_1_115' title='bbox 430 1306 549 1376; x_wconf 88' lang='lat' dir='ltr'>septimo</span> <span class='ocrx_word' id='word_1_116' title='bbox 573 1311 659 1376; x_wconf 89' lang='lat' dir='ltr'>atque</span> <span class='ocrx_word' id='word_1_117' title='bbox 683 1311 784 1363; x_wconf 82' lang='lat' dir='ltr'>octauo</span> <span class='ocrx_word' id='word_1_118' title='bbox 807 1309 885 1364; x_wconf 77' lang='lat' dir='ltr'>Jaat.</span> <span class='ocrx_word' id='word_1_119' title='bbox 981 1307 1153 1377; x_wconf 69' lang='lat' dir='ltr'>Sepernates</span> 
     </span>
     <span class='ocr_line' id='line_1_16' title="bbox 137 1379 1153 1448; baseline 0.001 -15"><span class='ocrx_word' id='word_1_120' title='bbox 137 1379 270 1448; x_wconf 53' lang='lat' dir='ltr'>decripsi</span> <span class='ocrx_word' id='word_1_121' title='bbox 287 1395 349 1434; x_wconf 80' lang='lat' dir='ltr'>cam</span> <span class='ocrx_word' id='word_1_122' title='bbox 367 1379 543 1434; x_wconf 78' lang='lat' dir='ltr'>Buechelerc:</span> <span class='ocrx_word' id='word_1_123' title='bbox 561 1381 627 1434; x_wconf 83' lang='lat' dir='ltr'>olim</span> <span class='ocrx_word' id='word_1_124' title='bbox 645 1397 706 1434; x_wconf 79' lang='lat' dir='ltr'>cam</span> <span class='ocrx_word' id='word_1_125' title='bbox 724 1381 790 1434; x_wconf 80' lang='lat' dir='ltr'>ultis</span> <span class='ocrx_word' id='word_1_126' title='bbox 814 1381 936 1435; x_wconf 74' lang='lat' dir='ltr'>semrios</span> <span class='ocrx_word' id='word_1_127' title='bbox 961 1380 1098 1434; x_wconf 74' lang='lat' dir='ltr'>dimensus</span> <span class='ocrx_word' id='word_1_128' title='bbox 1122 1381 1153 1434; x_wconf 78' lang='lat' dir='ltr'>in</span> 
     </span>
     <span class='ocr_line' id='line_1_17' title="bbox 137 1449 1153 1520; baseline 0.001 -16"><span class='ocrx_word' id='word_1_129' title='bbox 137 1450 225 1504; x_wconf 67' lang='lat' dir='ltr'>almo</span> <span class='ocrx_word' id='word_1_130' title='bbox 249 1451 323 1503; x_wconf 81' lang='lat' dir='ltr'>nono</span> <span class='ocrx_word' id='word_1_131' title='bbox 347 1465 458 1517; x_wconf 89' lang='lat' dir='ltr'>quoque</span> <span class='ocrx_word' id='word_1_132' title='bbox 482 1453 567 1517; x_wconf 88' lang='lat' dir='ltr'>atque</span> <span class='ocrx_word' id='word_1_133' title='bbox 591 1453 692 1504; x_wconf 85' lang='lat' dir='ltr'>octauo</span> <span class='ocrx_word' id='word_1_134' title='bbox 717 1453 802 1518; x_wconf 89' lang='lat' dir='ltr'>atque</span> <span class='ocrx_word' id='word_1_135' title='bbox 825 1449 913 1505; x_wconf 87' lang='lat' dir='ltr'>etiam</span> <span class='ocrx_word' id='word_1_136' title='bbox 936 1449 1056 1520; x_wconf 91' lang='lat' dir='ltr'>septimo</span> <span class='ocrx_word' id='word_1_137' title='bbox 1080 1452 1153 1505; x_wconf 81' lang='lat' dir='ltr'>ordi-</span> 
     </span>
     <span class='ocr_line' id='line_1_18' title="bbox 138 1521 242 1576; baseline -0.01 -1"><span class='ocrx_word' id='word_1_138' title='bbox 138 1521 242 1576; x_wconf 78' lang='lat' dir='ltr'>nobam</span> 
     </span>
    </p>
   </div>
   <div class='ocr_carea' id='block_1_5' title="bbox 139 1618 940 1810">
    <p class='ocr_par' dir='ltr' id='par_1_5' title="bbox 139 1618 940 1810">
     <span class='ocr_line' id='line_1_19' title="bbox 633 1618 661 1674; baseline 0 0"><span class='ocrx_word' id='word_1_139' title='bbox 633 1618 661 1674; x_wconf 92' lang='lat' dir='ltr'><strong>V</strong></span> 
     </span>
     <span class='ocr_line' id='line_1_20' title="bbox 139 1715 940 1810; baseline 0.001 -28"><span class='ocrx_word' id='word_1_140' title='bbox 139 1715 303 1802; x_wconf 74' lang='lat' dir='ltr'>Pudebat,</span> <span class='ocrx_word' id='word_1_141' title='bbox 326 1718 433 1803; x_wconf 90' lang='lat' dir='ltr'>oredo,</span> <span class='ocrx_word' id='word_1_142' title='bbox 456 1719 804 1783; x_wconf 78' lang='lat' dir='ltr'>conmemoramentdm</span> <span class='ocrx_word' id='word_1_143' title='bbox 827 1719 940 1810; x_wconf 86' lang='lat' dir='ltr'>stupri.</span> 
     </span>
    </p>
   </div>
   <div class='ocr_carea' id='block_1_6' title="bbox 140 1837 1153 1980">
    <p class='ocr_par' dir='ltr' id='par_1_6' title="bbox 140 1837 1153 1980">
     <span class='ocr_line' id='line_1_21' title="bbox 210 1837 1153 1910; baseline 0.002 -18"><span class='ocrx_word' id='word_1_144' title='bbox 210 1837 319 1892; x_wconf 90' lang='lat' dir='ltr'>Nonius</span> <span class='ocrx_word' id='word_1_145' title='bbox 339 1843 412 1907; x_wconf 76' lang='lat'>84,2</span> <span class='ocrx_word' id='word_1_146' title='bbox 434 1840 840 1894; x_wconf 85' lang='lat' dir='ltr'>‘commemoramentum’</span> <span class='ocrx_word' id='word_1_147' title='bbox 862 1844 926 1910; x_wconf 78' lang='lat' dir='ltr'>(orn.</span> <span class='ocrx_word' id='word_1_148' title='bbox 946 1839 1021 1909; x_wconf 81' lang='lat' dir='ltr'>libri,</span> <span class='ocrx_word' id='word_1_149' title='bbox 1042 1840 1153 1894; x_wconf 89' lang='lat' dir='ltr'>addidit</span> 
     </span>
     <span class='ocr_line' id='line_1_22' title="bbox 140 1908 837 1980; baseline 0.001 -16"><span class='ocrx_word' id='word_1_150' title='bbox 140 1908 254 1980; x_wconf 90' lang='lat' dir='ltr'>Junius)</span> <span class='ocrx_word' id='word_1_151' title='bbox 275 1909 424 1964; x_wconf 81' lang='lat' dir='ltr'>‘Caecilius</span> <span class='ocrx_word' id='word_1_152' title='bbox 443 1909 551 1967; x_wconf 84' lang='lat' dir='ltr'>Plocio:</span> <span class='ocrx_word' id='word_1_153' title='bbox 569 1911 706 1980; x_wconf 88' lang='lat' dir='ltr'>pudebat’</span> <span class='ocrx_word' id='word_1_154' title='bbox 727 1927 796 1980; x_wconf 84' lang='lat' dir='ltr'>aq.</span> <span class='ocrx_word' id='word_1_155' title='bbox 817 1929 837 1965; x_wconf 89' lang='lat' dir='ltr'>s.</span> 
     </span>
    </p>
   </div>
   <div class='ocr_carea' id='block_1_7' title="bbox 136 2063 1058 2248">
    <p class='ocr_par' dir='ltr' id='par_1_7' title="bbox 136 2063 1058 2248">
     <span class='ocr_line' id='line_1_23' title="bbox 622 2063 666 2121; baseline 0 0"><span class='ocrx_word' id='word_1_156' title='bbox 622 2063 666 2121; x_wconf 89' lang='lat' dir='ltr'>VI</span> 
     </span>
     <span class='ocr_line' id='line_1_24' title="bbox 136 2161 1058 2248; baseline 0.004 -22"><span class='ocrx_word' id='word_1_157' title='bbox 136 2161 342 2246; x_wconf 77' lang='lat' dir='ltr'>Properatim</span> <span class='ocrx_word' id='word_1_158' title='bbox 365 2161 399 2224; x_wconf 92' lang='lat' dir='ltr'>in</span> <span class='ocrx_word' id='word_1_159' title='bbox 423 2162 563 2226; x_wconf 89' lang='lat' dir='ltr'>tenebris</span> <span class='ocrx_word' id='word_1_160' title='bbox 585 2163 670 2228; x_wconf 86' lang='lat' dir='ltr'>istuc</span> <span class='ocrx_word' id='word_1_161' title='bbox 693 2164 874 2228; x_wconf 83' lang='lat' dir='ltr'>confectum</span> <span class='ocrx_word' id='word_1_162' title='bbox 898 2165 946 2228; x_wconf 77' lang='lat' dir='ltr'>est</span> <span class='ocrx_word' id='word_1_163' title='bbox 969 2186 1058 2248; x_wconf 91' lang='lat' dir='ltr'>opus.</span> 
     </span>
    </p>
   </div>
   <div class='ocr_carea' id='block_1_8' title="bbox 138 2281 1151 2426">
    <p class='ocr_par' dir='ltr' id='par_1_8' title="bbox 138 2281 1151 2426">
     <span class='ocr_line' id='line_1_25' title="bbox 211 2281 1151 2354; baseline 0.005 -19"><span class='ocrx_word' id='word_1_164' title='bbox 211 2281 321 2336; x_wconf 89' lang='lat' dir='ltr'>Nonius</span> <span class='ocrx_word' id='word_1_165' title='bbox 342 2287 402 2351; x_wconf 79' lang='lat'>153,</span> <span class='ocrx_word' id='word_1_166' title='bbox 422 2289 456 2336; x_wconf 88' lang='grc'>14</span> <span class='ocrx_word' id='word_1_167' title='bbox 476 2284 715 2354; x_wconf 65' lang='lat' dir='ltr'>‘properatim</span> <span class='ocrx_word' id='word_1_168' title='bbox 734 2283 765 2338; x_wconf 89' lang='lat' dir='ltr'>id</span> <span class='ocrx_word' id='word_1_169' title='bbox 784 2287 827 2338; x_wconf 90' lang='lat' dir='ltr'>est</span> <span class='ocrx_word' id='word_1_170' title='bbox 844 2286 1046 2354; x_wconf 65' lang='lat' dir='ltr'>properanter)</span> <span class='ocrx_word' id='word_1_171' title='bbox 1073 2285 1151 2340; x_wconf 91' lang='lat' dir='ltr'>Idem</span> 
     </span>
     <span class='ocr_line' id='line_1_26' title="bbox 138 2353 1071 2426; baseline 0.003 -18"><span class='ocrx_word' id='word_1_172' title='bbox 138 2360 200 2423; x_wconf 78' lang='lat'>155,</span> <span class='ocrx_word' id='word_1_173' title='bbox 220 2359 236 2407; x_wconf 77' lang='grc'><em>3</em></span> <span class='ocrx_word' id='word_1_174' title='bbox 257 2353 486 2422; x_wconf 85' lang='lat' dir='ltr'>‘properatim</span> <span class='ocrx_word' id='word_1_175' title='bbox 505 2357 534 2408; x_wconf 89' lang='lat' dir='ltr'>et</span> <span class='ocrx_word' id='word_1_176' title='bbox 551 2355 715 2425; x_wconf 84' lang='lat' dir='ltr'>properiter,</span> <span class='ocrx_word' id='word_1_177' title='bbox 735 2355 870 2425; x_wconf 87' lang='lat' dir='ltr'>celeriter,</span> <span class='ocrx_word' id='word_1_178' title='bbox 888 2357 1071 2426; x_wconf 86' lang='lat' dir='ltr'>properanter</span> 
     </span>
    </p>
   </div>
   <div class='ocr_carea' id='block_1_9' title="bbox 136 2423 1151 2566">
    <p class='ocr_par' dir='ltr' id='par_1_9' title="bbox 136 2423 1151 2566">
     <span class='ocr_line' id='line_1_27' title="bbox 136 2423 1151 2566; baseline 0 -86"><span class='ocrx_word' id='word_1_179' title='bbox 136 2423 290 2566; x_wconf 49' lang='grc' dir='ltr'>ἓέθοὲἰιυέ)</span> <span class='ocrx_word' id='word_1_180' title='bbox 298 2424 408 2480; x_wconf 88' lang='lat' dir='ltr'>Plocio:</span> <span class='ocrx_word' id='word_1_181' title='bbox 427 2426 609 2494; x_wconf 88' lang='lat' dir='ltr'>properatim’</span> <span class='ocrx_word' id='word_1_182' title='bbox 630 2443 653 2481; x_wconf 93' lang='lat' dir='ltr'>e.</span> <span class='ocrx_word' id='word_1_183' title='bbox 665 2445 690 2496; x_wconf 86' lang='lat' dir='ltr'>q.</span> <span class='ocrx_word' id='word_1_184' title='bbox 703 2446 723 2482; x_wconf 93' lang='lat' dir='ltr'>s.</span> <span class='ocrx_word' id='word_1_185' title='bbox 744 2427 783 2497; x_wconf 92' lang='lat' dir='ltr'>(C.</span> <span class='ocrx_word' id='word_1_186' title='bbox 802 2427 920 2481; x_wconf 89' lang='lat' dir='ltr'>Plocio</span> <span class='ocrx_word' id='word_1_187' title='bbox 938 2427 1151 2497; x_wconf 90' lang='lat' dir='ltr'>properatim</span> 
     </span>
    </p>
   </div>
   <div class='ocr_carea' id='block_1_10' title="bbox 210 2601 760 2674">
    <p class='ocr_par' dir='ltr' id='par_1_10' title="bbox 210 2601 760 2674">
     <span class='ocr_line' id='line_1_28' title="bbox 210 2601 760 2674; baseline 0.002 -19"><span class='ocrx_word' id='word_1_188' title='bbox 210 2601 296 2674; x_wconf 89' lang='lat' dir='ltr'>istuc]</span> <span class='ocrx_word' id='word_1_189' title='bbox 316 2604 397 2656; x_wconf 87' lang='lat' dir='ltr'>stunc</span> <span class='ocrx_word' id='word_1_190' title='bbox 415 2623 436 2656; x_wconf 81' lang='lat' dir='ltr'>or</span> <span class='ocrx_word' id='word_1_191' title='bbox 451 2610 564 2672; x_wconf 80' lang='lat' dir='ltr'>praeter</span> <span class='ocrx_word' id='word_1_192' title='bbox 582 2604 646 2659; x_wconf 83' lang='lat' dir='ltr'>Eso.</span> <span class='ocrx_word' id='word_1_193' title='bbox 662 2621 691 2674; x_wconf 89' lang='lat' dir='ltr'>p.</span> <span class='ocrx_word' id='word_1_194' title='bbox 709 2609 760 2657; x_wconf 85' lang='lat'>155</span> 
     </span>
    </p>
   </div>
   <div class='ocr_carea' id='block_1_11' title="bbox 139 2772 1150 2957">
    <p class='ocr_par' dir='ltr' id='par_1_11' title="bbox 139 2772 1150 2957">
     <span class='ocr_line' id='line_1_29' title="bbox 613 2772 747 2836; baseline 0.045 -6"><span class='ocrx_word' id='word_1_195' title='bbox 613 2772 673 2830; x_wconf 87' lang='lat' dir='ltr'>VH</span> <span class='ocrx_word' id='word_1_196' title='bbox 744 2829 747 2836; x_wconf 90' lang='lat'>.</span> 
     </span>
     <span class='ocr_line' id='line_1_30' title="bbox 139 2869 1150 2957; baseline 0.003 -22"><span class='ocrx_word' id='word_1_197' title='bbox 139 2869 354 2954; x_wconf 78' lang='lat' dir='ltr'>Consequitur</span> <span class='ocrx_word' id='word_1_198' title='bbox 377 2891 482 2935; x_wconf 88' lang='lat' dir='ltr'>eomes</span> <span class='ocrx_word' id='word_1_199' title='bbox 505 2871 673 2957; x_wconf 77' lang='lat' dir='ltr'>insomnia,</span> <span class='ocrx_word' id='word_1_200' title='bbox 696 2894 732 2936; x_wconf 90' lang='lat' dir='ltr'>ea</span> <span class='ocrx_word' id='word_1_201' title='bbox 755 2873 852 2957; x_wconf 77' lang='lat' dir='ltr'>porro</span> <span class='ocrx_word' id='word_1_202' title='bbox 873 2873 1031 2938; x_wconf 87' lang='lat' dir='ltr'>insaniam</span> <span class='ocrx_word' id='word_1_203' title='bbox 1049 2873 1150 2938; x_wconf 76' lang='lat' dir='ltr'>affert.</span> 
     </span>
    </p>
   </div>
   <div class='ocr_carea' id='block_1_12' title="bbox 138 2989 1151 3135">
    <p class='ocr_par' dir='ltr' id='par_1_12' title="bbox 138 2989 1151 3135">
     <span class='ocr_line' id='line_1_31' title="bbox 211 2989 1151 3063; baseline 0.006 -20"><span class='ocrx_word' id='word_1_204' title='bbox 211 2989 321 3044; x_wconf 87' lang='lat' dir='ltr'>Nonius</span> <span class='ocrx_word' id='word_1_205' title='bbox 345 2997 462 3062; x_wconf 81' lang='lat'>209,16</span> <span class='ocrx_word' id='word_1_206' title='bbox 488 2993 709 3047; x_wconf 85' lang='lat' dir='ltr'>‘insomnium</span> <span class='ocrx_word' id='word_1_207' title='bbox 736 2995 846 3063; x_wconf 86' lang='lat' dir='ltr'>generis</span> <span class='ocrx_word' id='word_1_208' title='bbox 874 2994 975 3050; x_wconf 87' lang='lat' dir='ltr'>neutri.</span> <span class='ocrx_word' id='word_1_209' title='bbox 1011 2993 1151 3048; x_wconf 83' lang='lat' dir='ltr'>Feminini</span> 
     </span>
     <span class='ocr_line' id='line_1_32' title="bbox 138 3061 1026 3135; baseline 0.002 -19"><span class='ocrx_word' id='word_1_210' title='bbox 138 3061 279 3116; x_wconf 84' lang='lat' dir='ltr'>Caecilius</span> <span class='ocrx_word' id='word_1_211' title='bbox 297 3062 406 3120; x_wconf 85' lang='lat' dir='ltr'>Plocio:</span> <span class='ocrx_word' id='word_1_212' title='bbox 430 3063 619 3133; x_wconf 88' lang='lat' dir='ltr'>consequitur’</span> <span class='ocrx_word' id='word_1_213' title='bbox 640 3081 663 3118; x_wconf 90' lang='lat' dir='ltr'>e.</span> <span class='ocrx_word' id='word_1_214' title='bbox 683 3083 709 3133; x_wconf 90' lang='lat' dir='ltr'>q.</span> <span class='ocrx_word' id='word_1_215' title='bbox 729 3083 750 3120; x_wconf 90' lang='lat' dir='ltr'>s.</span> <span class='ocrx_word' id='word_1_216' title='bbox 788 3065 945 3135; x_wconf 92' lang='lat' dir='ltr'>(Plocbio</span> <span class='ocrx_word' id='word_1_217' title='bbox 963 3066 1026 3134; x_wconf 82' lang='lat' dir='ltr'>HL)</span> 
     </span>
    </p>
   </div>
   <div class='ocr_carea' id='block_1_13' title="bbox 133 3167 1150 3310">
    <p class='ocr_par' dir='ltr' id='par_1_13' title="bbox 133 3167 1150 3310">
     <span class='ocr_line' id='line_1_33' title="bbox 210 3167 1150 3244; baseline 0.005 -22"><span class='ocrx_word' id='word_1_218' title='bbox 210 3167 294 3222; x_wconf 84' lang='lat' dir='ltr'>affret</span> <span class='ocrx_word' id='word_1_219' title='bbox 316 3169 355 3224; x_wconf 90' lang='lat' dir='ltr'><strong><em>W</em></strong></span> <span class='ocrx_word' id='word_1_220' title='bbox 370 3169 462 3224; x_wconf 87' lang='lat' dir='ltr'>aufert</span> <span class='ocrx_word' id='word_1_221' title='bbox 481 3171 541 3224; x_wconf 73' lang='lat' dir='ltr'>Fr]</span> <span class='ocrx_word' id='word_1_222' title='bbox 605 3171 782 3227; x_wconf 72' lang='lat' dir='ltr'>&amp;acriorum</span> <span class='ocrx_word' id='word_1_223' title='bbox 800 3174 916 3228; x_wconf 69' lang='lat' dir='ltr'>clumam</span> <span class='ocrx_word' id='word_1_224' title='bbox 935 3173 1052 3228; x_wconf 70' lang='lat' dir='ltr'>dimidia</span> <span class='ocrx_word' id='word_1_225' title='bbox 1070 3173 1150 3244; x_wconf 74' lang='lat' dir='ltr'>otrlpo</span> 
     </span>
     <span class='ocr_line' id='line_1_34' title="bbox 133 3242 310 3310; baseline -0.006 -14"><span class='ocrx_word' id='word_1_226' title='bbox 133 3242 310 3310; x_wconf 74' lang='lat' dir='ltr'>ponebantur</span> 
     </span>
    </p>
   </div>
   <div class='ocr_carea' id='block_1_14' title="bbox 136 3339 888 3632">
    <p class='ocr_par' dir='ltr' id='par_1_14' title="bbox 136 3339 888 3632">
     <span class='ocr_line' id='line_1_35' title="bbox 606 3339 681 3398; baseline 0.013 -1"><span class='ocrx_word' id='word_1_227' title='bbox 606 3339 681 3398; x_wconf 85' lang='lat' dir='ltr'>VIII</span> 
     </span>
     <span class='ocr_line' id='line_1_36' title="bbox 139 3437 804 3525; baseline 0.002 -22"><span class='ocrx_word' id='word_1_228' title='bbox 139 3489 146 3503; x_wconf 89' lang='lat'><strong>.</strong></span> <span class='ocrx_word' id='word_1_229' title='bbox 171 3490 178 3504; x_wconf 95' lang='lat'><strong>.</strong></span> <span class='ocrx_word' id='word_1_230' title='bbox 203 3489 209 3502; x_wconf 93' lang='lat'>.</span> <span class='ocrx_word' id='word_1_231' title='bbox 234 3439 262 3502; x_wconf 89' lang='lat' dir='ltr'>is</span> <span class='ocrx_word' id='word_1_232' title='bbox 287 3438 414 3502; x_wconf 89' lang='lat' dir='ltr'>demum</span> <span class='ocrx_word' id='word_1_233' title='bbox 437 3437 671 3504; x_wconf 81' lang='lat' dir='ltr'>infortunatdst</span> <span class='ocrx_word' id='word_1_234' title='bbox 693 3440 804 3525; x_wconf 88' lang='lat' dir='ltr'>home,</span> 
     </span>
     <span class='ocr_line' id='line_1_37' title="bbox 136 3544 888 3632; baseline 0.004 -24"><span class='ocrx_word' id='word_1_235' title='bbox 136 3545 267 3630; x_wconf 83' lang='lat' dir='ltr'>Paupe&#39;r</span> <span class='ocrx_word' id='word_1_236' title='bbox 290 3545 346 3628; x_wconf 88' lang='lat' dir='ltr'>qui</span> <span class='ocrx_word' id='word_1_237' title='bbox 370 3545 476 3610; x_wconf 84' lang='lat' dir='ltr'>educit</span> <span class='ocrx_word' id='word_1_238' title='bbox 498 3544 533 3610; x_wconf 85' lang='lat'>1&#39;11</span> <span class='ocrx_word' id='word_1_239' title='bbox 557 3549 731 3632; x_wconf 85' lang='lat' dir='ltr'>egestatem</span> <span class='ocrx_word' id='word_1_240' title='bbox 754 3547 888 3626; x_wconf 81' lang='lat' dir='ltr'>hberos3</span> 
     </span>
    </p>
   </div>
   <div class='ocr_carea' id='block_1_15' title="bbox 0 0 1349 3910">
    <p class='ocr_par' dir='ltr' id='par_1_15' title="bbox 0 0 1349 3910">
     <span class='ocr_line' id='line_1_38' title="bbox 0 0 1349 3910; baseline 0 0"><span class='ocrx_word' id='word_1_241' title='bbox 0 0 1349 3910; x_wconf 95' lang='lat' dir='ltr'> </span> 
     </span>
    </p>
   </div>
  </div>
 </body>
</html>
