2686 3910
466 196 650 252 CAECILIVS
670 197 819 253 STATIVS
1104 199 1147 262 85

110 358 206 424 seur
229 359 417 424 cdntulisti?
440 363 497 424 cur
519 360 688 425 inlecebris
711 361 849 446 cdgnitis
1148 378 1201 426 235

101 565 104 570 Δ
135 465 213 532 Non
237 518 243 530 .
268 518 274 530 .
299 517 306 530 .
330 466 478 553 refugisti
503 518 634 530 .....

136 625 144 638 .
170 625 175 637 .
200 625 207 637 .
232 625 238 637 .
263 595 320 636 cur
342 573 479 638 cilionem
502 573 601 636 ullum
624 574 791 638 mulierem
887 655 890 660 Ι

136 673 273 743 Nosti?¹
283 727 571 744 ..........

137 836 331 850 .......
356 785 428 849 dide
452 807 488 850 sc
512 785 622 870 disice,

98 913 124 952 1⁰
137 891 200 956 Per
222 893 275 956 me
297 891 408 956 licebit
432 943 625 956 .......

137 1049 144 1062 .
169 1050 176 1062 .
200 998 228 1062 si
252 997 373 1084 egebis,
396 997 459 1062 tibi
483 998 618 1083 dolebit,
641 996 723 1062 mihi
746 1001 796 1061 sat
819 1002 880 1084 est,

138 1103 202 1182 Qui
225 1105 339 1170 uetitis
363 1105 449 1188 quod
470 1105 630 1190 reliqdom
654 1107 701 1169 est
725 1104 882 1170 oblectem
905 1126 1001 1170 meae.

210 1225 306 1280 Cicero
329 1243 380 1296 pro
399 1225 494 1280 Caelio
515 1232 556 1296 16,
576 1232 609 1280 3?
628 1225 678 1279 ubi
702 1225 742 1279 eis
765 1242 837 1294 quse
856 1227 893 1280 ad
911 1227 924 1280 I
943 1224 1149 1294 descripsimus,

136 1296 238 1352 statim
251 1297 322 1352 haec
337 1295 556 1368 subiunguntur:
571 1299 639 1360 §cut
653 1296 746 1351 illum:
766 1313 782 1350 o
801 1295 938 1366 infelix,
953 1313 970 1351 0
987 1297 1148 1352 sceleste!

136 1367 233 1422 Petrei
252 1371 317 1422 sunt
334 1367 384 1422 isti
422 1371 509 1424 utros:
529 1371 565 1440 [2.
577 1370 605 1441 3]
619 1367 668 1420 uix
681 1367 808 1422 ferendi’
829 1367 892 1437 (del.
903 1368 1033 1422 Frenken
1046 1368 1148 1422 Mnem.

136 1440 204 1495 Vm
214 1444 265 1493 219
280 1441 309 1494 et
323 1439 352 1494 F.
364 1387 519 1494 Sodoellius
529 1457 599 1494 mus.
609 1439 697 1494 Rhen.
707 1437 810 1493 XXXV
820 1445 871 1493 559
883 1437 1019 1494 ‘ferenda'
1036 1438 1151 1509 Sulisb.)

139 1511 261 1565 ‘diceret
282 1510 350 1565 talis
373 1513 465 1580 peter:
492 1529 549 1565 cur
571 1513 604 1565 te
628 1509 662 1563 in
684 1509 787 1564 istam
805 1509 1026 1566 uicinitatem
1043 1527 1149 1564 mere-

137 1581 279 1637 tricium
307 1581 511 1638 contulisti?
539 1599 597 1636 cur
623 1580 811 1636 inlecebris
835 1580 987 1652 cognitis
1010 1598 1076 1637 uon
1098 1597 1150 1636 re·

136 1651 285 1723 fugisti?
313 1670 372 1708 cur
390 1652 539 1707 alienam
557 1652 664 1706 ullum
682 1651 859 1706 mulierem
876 1653 987 1709 nosti?
1014 1651 1092 1707 dide
1113 1669 1150 1706 ec

138 1723 284 1793 dissice,
302 1740 428 1794 perine
446 1723 584 1780 licebit:
608 1723 638 1777 si
656 1722 774 1793 egebis
846 1741 946 1780 meae.
982 1723 1056 1778 Huic
1073 1722 1150 1788 tristi

139 1813 174 1850 cc
193 1796 306 1850 derecto
326 1794 386 1849 seui
404 1795 586 1866 responderet
605 1793 726 1850 Caelius'
747 1811 769 1849 e.
789 1812 815 1863 q.
835 1813 857 1850 s.

212 1898 227 1946 2
248 1891 390 1960 quidiccm
413 1893 479 1948 Pas.
498 1911 532 1948 m.
548 1910 593 1962 pr.
665 1907 754 1962 egone
772 1896 832 1962 (oen.
851 1891 920 1961 quid
943 1892 1039 1963 uelim)
1057 1893 1149 1948 Broc.

139 1979 231 2033 egone
257 1963 326 2032 quid
352 1962 439 2017 uelim
457 1964 523 2019 Por.
543 1963 640 2019 Satist.
659 1981 720 2019 cum
743 1965 836 2019 ceteris
863 1963 932 2032 quid
954 1963 1041 2018 uelim
1064 1963 1150 2034 spec

137 2035 227 2106 polius
330 2051 402 2102 quae
421 2036 592 2103 referendum
610 2036 648 2090 ad
665 2033 768 2103 omnic,
787 2036 820 2089 de
838 2037 936 2105 quibos
953 2037 986 2090 io
1002 2037 1150 2106 superiori-

140 2109 191 2162 bus
208 2122 294 2162 sermo
311 2106 412 2173 fuerat.
432 2105 480 2173 qui
499 2105 659 2176 Specpelios
747 2112 765 2160 4
784 2122 833 2160 cur
850 2107 879 2159 te
898 2105 928 2158 in
946 2105 1032 2160 istum
1049 2105 1150 2160 uicini·

139 2179 232 2232 tatem
260 2175 417 2246 (ciuitatem
438 2177 540 2245 Bous.)
563 2175 749 2231 meretriciam
773 2175 936 2232 contulisti?
983 2178 1073 2232 (licere
1101 2193 1152 2230 cur

139 2247 172 2302 in
197 2246 376 2301 uicinitatem
400 2246 485 2301 istem
510 2247 697 2302 meretiiciem
722 2247 761 2300 Te
786 2263 809 2301 c.
833 2247 1000 2318 Speopelios·
1077 2253 1149 2318 deq.

138 2335 198 2374 non
216 2317 359 2388 effugisti?
378 2334 427 2372 cur
445 2317 567 2372 alienum
585 2317 731 2372 mulierem
749 2317 901 2388 Cognosti?
920 2319 1079 2400 Speopcldcs

140 2396 156 2444 9
177 2388 277 2442 disiice
298 2389 428 2444 Orellc'os:
446 2390 480 2456 of.
500 2391 589 2444 cocoll.
608 2389 672 2444 XHI
690 2407 744 2460 sqq.
764 2389 866 2444 dissice
884 2390 948 2446 Pet.
969 2389 1085 2458 discep

139 2466 173 2514 11
185 2461 329 2530 praemitti
343 2458 411 2514 olim
423 2461 464 2515 uel
477 2460 596 2530 posthoc
610 2462 672 2517 licet
720 2459 745 2513 si
759 2460 855 2530 egebis
869 2477 919 2514 om.
934 2478 995 2516 oum
1008 2461 1151 2584 {pompeiis

138 2533 298 2598 &besilius
315 2538 348 2586 ut
364 2548 437 2586 onos
454 2533 580 2586 secamus
596 2548 647 2601 per
664 2547 709 2585 me
729 2575 756 2586 ..
773 2575 778 2586 .
799 2534 842 2585 est
859 2539 954 2588 codrot
1034 2529 1077 2584 ole
1098 2532 1153 2583 unt

137 2604 231 2658 Broc.
295 2605 340 2655 set
358 2604 402 2655 est
419 2619 469 2657 om.
488 2603 579 2658 Broc.
599 2604 662 2670 Erf.
718 2608 750 2656 12
769 2601 907 2670 reliquom
925 2603 991 2660 Par.
1010 2601 1152 2670 reliquum

136 2675 228 2745 culpo.
266 2673 314 2727 An
332 2673 407 2740 quod
424 2672 464 2726 mi
483 2676 526 2728 est
544 2673 698 2742 reliquom?
824 2677 828 2685 '
1157 2706 1162 2714 ·

622 2788 669 2846 III

137 2888 187 2952 Vt
210 2910 262 2952 me
284 2887 380 2952 hodie
403 2893 476 2952 ante
500 2910 610 2952 omnes
634 2889 772 2952 cdmicos
796 2888 913 2954 stultds
936 2911 1026 2964 senes

138 2994 288 3060 Versdris
311 2998 408 3078 etque
430 2995 595 3060 inldsseris
617 2994 802 3060 lautissime.

212 3115 309 3170 dicero
334 3115 409 3170 Lecl.
430 3121 477 3186 26,
497 3122 530 3170 99
557 3116 641 3184 ‘quid
669 3119 764 3172 eutem
791 3116 900 3186 turpius
928 3133 1013 3184 quum
1039 3115 1154 3188 inludi?

42 3227 46 3234 -
139 3188 217 3255 quod
230 3189 264 3241 ut
276 3203 313 3241 ne
327 3186 446 3257 occidat,
460 3187 550 3257 magis
566 3187 723 3244 cauendum
735 3191 785 3244 est.
805 3190 842 3242 ut
856 3204 905 3242 me
922 3187 1038 3242 hodie’
1055 3203 1079 3242 e.
1089 3205 1115 3256 q.
1128 3204 1150 3241 s.

138 3259 219 3314 Idem
247 3257 308 3314 ccc
325 3257 391 3312 mei.
412 3264 457 3328 12,
481 3263 514 3313 36
545 3260 627 3312 ‘num
653 3275 722 3326 quos
751 3258 793 3313 cit
819 3258 957 3314 Caecilius
986 3257 1149 3313 comicos’

140 3328 301 3398 (comicus
320 3328 396 3399 libri)
417 3329 560 3384 ‘stultos
580 3346 691 3398 senes,
709 3329 763 3384 hoc
780 3329 922 3401 significet
936 3329 1063 3385 credulos
1079 3328 1152 3384 obli-

139 3399 236 3455 uiosos
261 3399 424 3468 dissolutos,
449 3417 521 3468 quoe
544 3399 617 3454 uitia
636 3403 701 3456 sunt
718 3417 775 3455 non
795 3400 959 3471 senectutis,
984 3401 1033 3455 sed
1050 3399 1153 3454 inertis

138 3470 263 3541 igncuae
282 3471 486 3539 somniculosae
506 3471 677 3526 senectutis’

213 3575 228 3622 1
248 3572 280 3624 tu
298 3585 343 3622 me
360 3571 440 3626 malit
458 3569 590 3626 Halmius
639 3575 655 3624 2
674 3569 788 3624 iusseris
805 3569 877 3628 God.
896 3569 1018 3624 illuseris
1026 3549 1152 3640 ¹demost.
