2694 3906
572 155 602 210 L.
619 151 802 206 AERANIVS

679 321 694 378 I

520 423 592 508 quis
614 428 651 486 tu
674 444 707 486 es
730 425 864 487 uentoso
887 423 923 486 in
945 422 1015 486 looo

132 555 184 604 105
195 533 352 617 Soleatus,
374 532 566 615 intempesta
587 533 685 594 nootu
708 529 768 594 sdb
790 527 873 594 Ioue·

194 638 317 724 Apdrto
341 639 453 723 capito,
476 637 583 702 sssioes
606 659 679 701 oum
701 636 803 700 findas
825 635 937 722 gelus?

227 832 233 843 ι
256 759 365 859 ’Nonius
388 765 449 828 207,
468 765 502 812 32
527 757 621 827 ‘gelu
721 756 871 812 masculini
892 755 1025 811 Afranius
1051 755 1194 825 Epistula:

186 851 249 902 qms
285 848 308 886 e.
323 849 349 900 q.
365 848 385 884 s.

258 945 274 992 2
297 940 380 992 noete
404 936 462 1005 ΡΙ,
489 936 605 990 erlue:
634 937 666 989 de
690 937 776 989 nootu
798 936 888 1002 forma
911 937 1038 990 disserent
1061 934 1197 1006 Berytias

186 1013 270 1081 symb.
290 1011 311 1062 I
328 1013 406 1078 12⁷9
489 1006 540 1060 sub
563 1005 629 1059 Ioue
652 1008 750 1075 seripse'
775 1008 819 1076 (of.
839 1007 930 1061 coroll.
949 1005 1049 1059 LXVII
1066 1008 1114 1074 eq.)
1143 1005 1196 1060 sub

188 1081 254 1135 diuo
276 1101 297 1134 ω
322 1079 373 1133 sub
396 1077 463 1131 niue
481 1078 677 1132 Loohmormus
700 1078 751 1131 sub
775 1076 822 1131 dio
841 1077 982 1132 Mereerus
1005 1077 1056 1130 sub
1080 1075 1129 1130 diu
1152 1079 1196 1132 de-

186 1155 277 1222 fendit
295 1151 357 1205 Blae
375 1147 543 1204 1333133311,
559 1153 668 1218 23431
687 1156 712 1203 et
729 1155 772 1218 41,
788 1154 838 1202 312
859 1147 975 1202 subdius
991 1149 1127 1220 Berytios

188 1230 204 1278 3
223 1221 306 1276 findit
328 1222 517 1292 Quieheratius

680 1317 711 1374 H

189 1474 196 1486 .
220 1420 429 1486 comissatum
452 1417 596 1503 protenis
618 1419 706 1481 reeta
729 1418 859 1482 domum

189 1527 406 1614 Digredimur.

262 1647 370 1702 Nonius
390 1652 484 1715 376,o
509 1645 682 1715 ‘protinus
705 1645 873 1714 ubicumque
896 1647 1000 1701 lectum
1023 1651 1078 1716 est,
1102 1650 1201 1702 eontra

190 1739 272 1774 usum
299 1718 460 1772 intellectus
488 1715 655 1784 eommunis,
683 1733 738 1784 quo
764 1715 862 1770 statim
886 1718 1043 1788 significare
1069 1719 1200 1787 ereditur,

189 1791 315 1862 positum
332 1787 483 1856 inuenitur,
503 1790 535 1841 ut
554 1787 591 1840 sit
608 1786 736 1855 protinus
754 1804 836 1856 porro
856 1805 889 1842 ae
908 1789 967 1844 sins
985 1789 1200 1860 intermissione,

192 1861 333 1929 continuo,
352 1859 427 1927 quod
445 1857 571 1912 iunctum
585 1860 667 1911 tenus
682 1857 742 1911 eius
757 1858 975 1929 significantiam
989 1861 1134 1915 confirmat
1150 1861 1200 1915 ad-

192 1931 284 1988 uerbii
299 1975 304 1986 .
317 1974 340 1987 ..
355 1933 385 1986 et
403 1929 537 1997 quoniam
549 1945 606 1982 non
620 1928 692 1982 nulli
710 1932 836 1984 ueterum
854 1949 904 2000 pro
919 1949 960 2001 eo,
980 1933 1055 2001 quod
1072 1932 1200 2002 protinus

193 2007 244 2072 est,
262 2000 436 2073 protinam
449 1999 496 2054 uel
508 1998 665 2069 protenis
680 2003 884 2071 conuerterant,
903 2004 1031 2072 exempla
1046 2004 1080 2058 de
1094 2003 1138 2057 his
1152 2021 1201 2058 ne·
1261 2043 1266 2054 ,

193 2073 316 2130 cessaria
325 2071 500 2141 decerpenda
513 2074 585 2125 sunt.
609 2070 741 2125 Afranius
751 2071 892 2142 Epistola:
905 2073 1095 2129 comissatum'
1108 2091 1130 2129 e.
1141 2093 1168 2142 q.
1179 2092 1200 2129 s.

260 2187 280 2234 -1
296 2197 333 2249 sq.
348 2179 420 2234 redii
437 2179 474 2232 ad
493 2178 624 2232 librorum
641 2181 804 2246 memoriam,
824 2187 933 2234 auctore
946 2181 1093 2236 Bitsctelio
1111 2198 1201 2251 eptae.

193 2253 219 2306 Π
233 2256 284 2306 245
303 2253 342 2305 sic
360 2248 468 2321 (inde)
485 2265 554 2303 eom.
569 2266 596 2317 p.
611 2266 632 2302 r.
649 2247 820 2318 digredimur
839 2251 952 2304 domum
969 2260 1201 2322 transpoateram

192 2341 241 2378 aec
254 2323 387 2392 refrapor,
403 2321 429 2374 si
443 2321 504 2389 quis
516 2327 548 2374 ut
561 2321 623 2374 Boe
636 2322 819 2389 septenarium
831 2323 911 2377 iamt
926 2326 1086 2379 continuare
1098 2325 1203 2379 mavult

246 2395 380 2462 protenus
397 2391 436 2446 (Ρ
453 2390 581 2460 protinus
601 2391 649 2445 W¹

676 2524 721 2581 HI

194 2627 269 2691 Hue
291 2626 382 2690 uenit
404 2624 532 2711 fugiens
555 2623 774 2690 tenebrionem
797 2624 946 2692 Tirrium.

267 2745 375 2800 Nonius
396 2751 468 2814 19,3
489 2744 654 2798 ‘nebulones
673 2748 702 2799 et
725 2747 945 2804 tenebriones
965 2749 1035 2804 dieti
1054 2754 1131 2820 sunt,
1155 2750 1205 2820 qui

195 2817 351 2873 mendaciis
374 2819 403 2870 et
426 2815 538 2869 astutiis
557 2815 614 2869 suis
632 2816 764 2870 nebulam
783 2819 925 2886 quandam
943 2823 972 2875 et
994 2823 1125 2876 tenebras
1145 2821 1205 2876 obi-

198 2889 287 2956 oiant;
306 2891 357 2942 aut
375 2886 477 2955 quibus
497 2887 534 2940 ad
552 2886 648 2956 fugam
667 2891 696 2940 et
714 2887 789 2942 furta
807 2889 877 2944 haee
896 2894 975 2946 erant
994 2893 1205 2948 accommodate

198 2965 228 3016 et
245 2959 330 3014 utilia
348 3003 354 3014 .
370 3003 376 3014 .
393 3002 398 3014 .
415 3002 420 3014 .
440 2957 573 3012 Afranius
591 2957 733 3026 Epistula:
752 2959 817 3014 hue'
837 2977 860 3016 s.
876 2979 902 3030 q.
917 2980 938 3018 s.

268 3063 462 3120 tonebrionem
479 3066 537 3119 edd.
560 3063 724 3118 tenebrione
742 3087 764 3119 ω
845 3067 977 3123 Tirrium:
1000 3087 1098 3125 nomen
1115 3045 1215 3139 sinuat·

197 3138 363 3264 affusam
388 3137 420 3190 in
446 3137 543 3205 eptem.
563 3137 644 3206 epiyr.
665 3136 679 3188 I
702 3141 736 3189 20
763 3155 791 3192 a.
811 3143 844 3191 53
876 3140 995 3208 tyn-ium
1018 3142 1046 3194 P
1070 3142 1206 3195 Thurium

248 3228 258 3263 s

681 3303 725 3361 IV

147 3421 225 3472 11011
244 3403 358 3488 Itaque
386 3403 464 3469 ddso
492 3403 645 3468 extundo:
674 3426 712 3468 ex
741 3405 847 3472 dffioio
876 3409 970 3476 datur
996 3410 1077 3476 mr'hi
1103 3416 1207 3477 eusto-

785 3513 925 3581 diendus.
