2684 3908
170 175 239 242 264
478 235 482 244 Ι
562 173 592 228 n.
609 172 794 228 menuae

171 340 202 392 et
223 335 274 388 ille
300 350 418 388 seruus
443 333 641 402 respondet
669 333 758 388 bona
782 331 935 402 fortuna,
959 332 990 386 iu
1013 335 1056 388 est
1078 332 1187 403 nullus,

171 406 255 476 quasi
281 421 341 460 rem
368 405 468 467 duram
494 403 572 458 dictu
599 403 695 458 mitius
723 403 815 458 dixit'
863 403 1004 458 Charisius
1032 423 1058 474 p.
1077 410 1127 458 247
1152 405 1185 460 P.

174 475 399 532 ‘charientismos
418 478 460 530 est
484 474 572 530 dictio
591 491 642 544 per
660 491 694 529 ea
712 491 785 543 quae
805 477 888 545 grata
906 478 971 529 sunt
989 474 1069 528 aliud
1087 475 1184 530 dicens

172 549 252 616 aliud
267 547 436 618 significans,
455 549 488 600 ut
506 563 570 600 oum
588 545 792 615 interrogamus
810 564 888 600 num
906 545 981 616 quis
1000 563 1060 600 nos
1079 563 1183 615 quas-

172 619 275 674 sierit
293 618 524 688 et'rsspondetur
541 617 630 672 bona
652 617 805 686 fortuna,
829 617 903 672 unde
921 617 1112 688 intellegimus
1130 635 1184 672 nos

171 691 313 745 neminem
336 689 499 759 quaesisse?
538 687 647 743 Similia
665 687 815 742 Diomedes
833 707 860 758 p.
875 693 927 743 458
946 689 989 758 P.‚
1012 689 1118 742 Donati
1137 706 1184 742 ars

170 761 284 887 {ixi-{GL
298 762 338 816 IV
350 767 402 815 402
417 761 460 830 K,
479 759 584 814 scheda
597 759 774 814 Monacensis
789 759 866 814 edita
885 777 902 814 a
917 759 1066 830 Spengelio
1080 759 1182 816 Philol.

243 937 258 984 1
287 927 411 998 quaesiit
438 928 504 984 Par.
528 929 566 996 P,
597 927 708 983 Sanan.
741 928 884 996 quaesiuit
914 949 935 999 φ
1037 931 1186 1000 Disposuit

169 1019 296 1058 accures
313 1019 334 1056 a
356 1017 423 1056 mus.
442 999 530 1055 aaa.
550 1005 592 1069 20,
612 1005 665 1053 3⁷4

116 1242 346 1330 reocupiluci*
626 1158 728 1216 XXIII

242 1365 332 1420 Varro
353 1365 387 1419 de
405 1365 423 1419 l.
438 1364 456 1418 l.
472 1363 498 1418 V
513 1369 545 1417 25
564 1363 602 1418 M.
623 1365 713 1417 ‘extra
736 1362 840 1432 oppida
864 1379 881 1416 a
903 1361 996 1432 puteis
1018 1363 1185 1434 puticuli‚

171 1437 249 1506 quod
266 1435 308 1490 ibi
321 1435 352 1488 in
369 1434 462 1504 puteis
482 1435 672 1489 obruebantur
690 1433 825 1504 homines,
844 1433 900 1487 nisi
917 1433 1021 1504 potius,
1040 1438 1073 1488 ut
1085 1434 1185 1489 Aelius

171 1507 285 1576 scribit,
303 1505 447 1576 puticulae
466 1506 542 1574 quod
559 1505 746 1576 pubescebant
763 1505 805 1560 ibi
823 1505 963 1559 cadauera
980 1505 1115 1575 proiecta,
1134 1505 1185 1574 qui

171 1579 251 1632 locus
273 1577 404 1648 publicus
431 1576 506 1630 ultra
531 1576 685 1645 Exquilias.
727 1575 824 1645 itaque
852 1592 916 1630 eum
938 1576 1071 1632 Afranius
1095 1577 1185 1630 cuti-

130 1713 131 1716 *
171 1650 267 1703 lucos
295 1649 325 1702 in
347 1651 447 1718 togata
470 1647 607 1717 appellat,
635 1647 712 1716 quod
733 1647 798 1701 inde
822 1646 979 1716 suspiciunt
1005 1665 1055 1718 per
1081 1651 1185 1717 puteos

170 1721 287 1774 lumen.²
313 1721 512 1789 (perpetuos
532 1719 566 1786 F,
590 1717 658 1772 corr.
679 1718 811 1772 Grothius
836 1721 1003 1788 perpetuo
1026 1719 1130 1773 Laetus

173 1791 346 1846 cutilucos
373 1789 440 1844 libri
466 1789 642 1860 puticulos
669 1790 771 1843 Laetus
799 1787 1015 1858 putiluculos
1043 1790 1066 1844 B
1093 1789 1184 1872 peti-

171 1863 268 1916 lucos
287 1861 333 1986 {del
352 1861 529 1932 cupilucos
549 1859 674 1930 conieci).
706 1859 745 1914 ef.
760 1860 860 1915 Festus
874 1860 956 1915 Pauli
971 1879 990 1916 s.
1001 1879 1027 1916 r.
1041 1861 1186 1930 put1culos

629 2036 727 2096 XXIV

172 2123 268 2187 nauci
292 2123 367 2187 dare

245 2243 385 2298 Ausonius
405 2245 476 2298 cent.
495 2245 576 2325 nupt..
592 2241 679 2314 praef.
701 2243 762 2311 ‘pro
781 2241 847 2310 quo’
869 2244 917 2312 (sc.
933 2244 1061 2312 centone)
1082 2241 1188 2311 ‘siper

172 2315 312 2386 sigillaria
324 2314 355 2368 in
369 2313 499 2370 auctione
513 2317 629 2384 nemrot,
644 2329 735 2381 neque
748 2311 882 2367 Afranius
896 2313 1013 2367 nauci'
1029 2316 1184 2381 (naucum

172 2385 338 2457 Salmasius)
359 2385 469 2440 ‘daret
486 2403 537 2440 nec
556 2385 662 2440 ciccum
681 2402 762 2438 suum
779 2383 897 2438 Plautus
917 2383 1047 2439 offerret!

174 2638 356 2724 ipsissimus

245 2758 394 2828 Pompeius
419 2757 449 2812 in
475 2757 541 2813 OGL
560 2757 586 2812 V
607 2762 658 2811 153
682 2756 715 2811 Κ.
741 2757 787 2810 ‘ea
815 2759 910 2811 autem
937 2774 1009 2826 quae
1035 2775 1092 2812 non
1119 2760 1188 2812 sunt

173 2829 323 2900 qualitatis
343 2832 371 2883 et
388 2828 569 2899 quantitatis,
589 2844 646 2882 non
664 2827 803 2896 recipiunt
821 2828 1057 2898 conparationem.
1094 2828 1137 2882 Ne
1155 2831 1187 2882 te

172 2900 318 2972 decipiant
331 2899 396 2955 illa
410 2899 573 2954 Plautina
588 2901 621 2954 et
634 2898 824 2953 Afraniana
838 2900 956 2969 uerba,
973 2899 1182 2970 ipsissimus;

171 2973 236 3028 ioco
250 2969 355 3028 comico
369 2971 423 3026 hoc
438 2967 517 3026 dixit.
550 2973 593 3026 est
612 2969 698 3024 etiam
717 2969 792 3040 apud
807 2969 928 3024 Graecos
948 2971 1099 3035 αὐτότατος
1116 2970 1185 3027 tale·

172 3043 282 3100 comica
300 3045 366 3097 sunt
383 3042 440 3096 ista
458 3045 487 3097 et
505 3043 542 3096 ad
561 3044 651 3097 artem
668 3058 725 3096 non
742 3039 905 3111 pertinent?

616 3209 741 3270 XXV⁸?

171 3297 326 3362 ieientare

245 3407 354 3463 Nonius
374 3411 438 3474 126,
460 3411 494 3460 10
519 3405 713 3461 ‘ieientare
750 3405 882 3460 Afranius
901 3422 954 3462 *s*
973 3405 1187 3480 (Pomponius)

172 3482 303 3535 Buccone
317 3478 454 3547 adoptato
469 3477 532 3600 [Ν]
544 3476 661 3530 Plautus
677 3517 699 3532 ..
713 3521 717 3532 .
733 3476 865 3530 Afranius
878 3475 998 3531 Crimine
1009 3477 1081 3549 [ΠΙ]’
1091 3494 1114 3533 e.
1125 3495 1151 3545 q.
1163 3495 1196 3533 s„

173 3551 306 3607 Fortasse
326 3565 410 3618 supra
428 3548 504 3616 quod
534 3546 626 3616 egitur
643 3547 753 3602 Afranii
771 3563 873 3602 nomen
892 3547 978 3601 errori
997 3548 1121 3603 debetur.
1161 3599 1162 3602 ,
1191 3599 1192 3606 ,
