2684 3908
173 162 238 232 238
562 163 793 220 LAFRANIVS

242 321 351 378 Nonius
370 327 448 392 26,8
473 323 527 378 ‘ud
550 340 615 392 quo
638 341 689 394 pro
712 324 743 386 iu
765 327 922 394 quantum?

242 443 317 498 aquo
336 428 408 484 Μ

662 529 694 588 Π
758 634 835 678 caue
857 635 897 677 ne
919 613 1072 700 pendeas,

118 715 220 782 28081'
240 717 312 784 fuas
335 719 369 782 in
393 719 589 804 quaestione.

170 839 425 979 canellgnplusslll,
441 847 474 894 14
494 840 613 911 ‘fuum,
633 841 686 895 rim
704 841 751 896 uel
770 842 836 897 fiam
917 843 1051 897 Afranius
1069 843 1186 898 Promo:

652 1028 700 1086 ΠΙ

170 1181 176 1193 .
199 1150 259 1214 pro
281 1127 430 1193 manibus
453 1128 547 1194 credo
570 1128 689 1194 hebere
712 1151 772 1216 ego
795 1130 870 1196 illos
893 1131 1120 1217 tentipellium.

239 1249 338 1304 Festus
356 1261 383 1320 p.
399 1253 451 1304 364
469 1249 506 1304 Μ.
527 1249 777 1320 ‘tentipellium
794 1250 922 1306 Artorius
943 1253 1028 1322 putet
1047 1268 1107 1306 esse
1127 1251 1184 1306 cul-

168 1321 339 1376 ciamentum
361 1321 508 1388 furatum,
532 1337 588 1390 quc
610 1321 699 1392 pelles
722 1323 923 1392 extenduntur,
947 1323 1078 1392 idemque
1101 1322 1183 1378 Afra·

168 1392 247 1458 nium
266 1391 370 1446 dixisse
389 1392 420 1445 in
437 1393 551 1448 Promo:
570 1394 632 1462 pro’
650 1410 672 1448 e.
688 1411 714 1462 q.
730 1411 751 1450 s.

244 1499 291 1553 Vel
308 1477 375 1552 num
393 1501 422 1566 (c.
437 1498 496 1569 pol)
518 1516 569 1568 pro
587 1502 630 1555 cel
647 1509 753 1569 proque
771 1503 853 1556 initio
871 1518 963 1556 uersus
980 1502 1067 1570 furcse
1081 1509 1183 1572 potem

167 1568 262 1623 hercle
280 1577 344 1625 aute
362 1569 466 1624 hebere
484 1573 620 1626 inserebat
638 1573 761 1627 Kortiuc

598 1774 748 1835 PROSA?

665 1898 681 1957 I

165 1997 242 2064 Non
264 2003 335 2064 siim
358 2003 426 2064 tam
449 1999 633 2084 crimincsc,
657 2021 753 2083 quum
777 2000 975 2084 tu,u1‘pere:

167 2105 307 2170 Gonnire
321 2091 371 2170 ¹ud
393 2128 503 2171 aurem
525 2104 702 2190 mimquum
726 2105 822 2172 didici
846 2107 1048 2171 dominicum.

235 2227 358 2282 Isidorus
373 2227 461 2282 differ.
476 2231 510 2280 86
531 2226 693 2282 ‘criminans
713 2230 816 2297 autem,
836 2227 885 2296 qui
903 2228 1009 2282 crimen
1027 2227 1131 2283 inferet
1149 2233 1180 2284 et

165 2313 229 2354 cum
251 2298 409 2369 suspicione
432 2315 543 2367 quoque
565 2298 596 2352 id
619 2299 719 2367 faciat,
743 2315 801 2367 que
822 2295 852 2352 're
875 2299 939 2368 quis
961 2299 1053 2370 magis
1077 2300 1177 2354 noxius

164 2370 307 2438 uideatur,
331 2373 364 2424 ut
381 2368 514 2432 Afranius
536 2387 594 2424 non
615 2387 689 2438 eum,
712 2369 818 2438 inquit,
841 2372 911 2425 tem'
929 2386 993 2439 eq.
1010 2388 1031 2426 e.
1068 2371 1178 2425 Nonius

163 2447 225 2510 450,
245 2447 277 2494 11
304 2441 463 2510 ‘gannire
487 2458 551 2495 cum
574 2441 612 2496 eit
633 2441 745 2511 proprie
769 2458 870 2495 cunum
969 2441 1057 2497 etiam
1079 2443 1177 2497 humu-

163 2530 230 2568 num
248 2529 346 2568 uocem
369 2512 499 2567 nonnulli
521 2512 671 2582 gannitum
688 2516 869 2567 uocauerunt.
906 2512 1040 2568 Afranius
1058 2513 1177 2570 Prosa:

163 2583 308 2654 gannire
389 2584 518 2638 didici’
556 2584 670 2655 (Persa
689 2583 732 2638 ed.
751 2602 806 2653 pr.‚
828 2583 962 2653 probavit
979 2583 1176 2640 Neulrirchius.

163 2657 254 2711 Rosa
271 2655 387 2726 Aldina)

655 2771 687 2828 II

164 2869 293 2938 Gallum
316 2876 477 2959 sagatum,
499 2872 615 2959 pingui
637 2876 766 2957 pastum
789 2872 883 2938 tdxea

217 2994 357 3061 -lsidorus,
372 2993 446 3064 Orig.
460 2994 511 3047 XX
525 2999 550 3062 ἢ,
566 2999 600 3047 24
616 2994 734 3047 ‘taxea
747 2992 869 3047 lordum’
885 2993 1016 3065 (‘lcrdus’
1032 2993 1174 3049 Wolfenb.

162 3065 271 3120 Monac.
287 3065 415 3120 German.
434 3071 493 3120 805.
514 3068 576 3135 806)
597 3065 652 3118 ‘est
670 3063 778 3119 Gallice
798 3065 912 3120 dictum.
945 3065 1026 3120 Vnde
1045 3069 1075 3120 et
1093 3065 1175 3120 Afru-

162 3137 225 3190 niue
244 3137 274 3190 in
293 3137 393 3192 Rosa:
412 3137 531 3206 gallum’
548 3153 571 3191 e.
587 3154 613 3204 q.
629 3154 649 3191 s.
669 3141 782 3205 (prosu
799 3136 922 3207 Monac.)

234 3246 363 3314 segetum
380 3243 432 3298 Ge.
448 3246 500 3313 ab,
520 3245 560 3299 ed.
571 3260 616 3312 pr.
631 3243 678 3311 H,
698 3242 834 3298 Areuolus
852 3242 1014 3313 saginatum
1033 3251 1116 3300 antec
1195 3253 1197 3258 '

643 3429 690 3488 ΠΙ

108 3529 347 3596 284¹nruetereu
392 3582 398 3592 .
444 3579 451 3594 .
490 3594 492 3597 ,
552 3527 665 3616 (reses)
