2666 3914
224 148 288 202 VHI
625 146 831 202 PRAEFATIO

225 315 378 376 adsidente
399 314 431 374 in
449 315 618 394 theologeio
639 316 709 376 love
732 315 811 374 inter
828 315 993 376 Minervam
1012 318 1042 374 et
1059 314 1233 375 Victoriam.
1297 317 1298 330 ³

223 404 317 481 priori
340 404 440 464 versui
464 423 541 480 quae
571 404 756 480 subscriptae
780 407 883 463 extant
906 402 986 464 TOR
1008 403 1125 463 litteras
1148 404 1173 464 si
1198 405 1233 462 li·

222 496 304 553 ceret
335 492 373 552 ad
405 493 605 569 supplendum
633 512 651 552 a
679 493 800 552 sinistra
830 495 916 568 parte
947 493 999 569 qui
1027 493 1151 552 Herculi
1183 493 1233 552 ad-

225 581 344 658 positus
368 584 413 640 est
436 581 584 660 adhibere,
607 581 695 641 facile
718 582 870 660 integrum
893 581 977 641 fieret
999 599 1187 658 responsum:

527 681 684 748 Vltdrem?
711 687 808 747 virtus
833 705 854 748 e.
870 707 895 762 q.
910 706 932 748 8.

223 794 445 872 Argumentum
482 813 605 854 scaenae
642 795 838 872 probabiliter
870 795 1017 855 divinavit
1047 795 1233 855 Froehnerus

223 883 331 945 Philol.
355 883 507 960 Suppr
531 886 582 944 25.
629 881 725 944 Occisi
753 885 895 944 nimirum
923 884 960 942 ab
987 883 1115 943 Hercule
1139 882 1233 960 Cycni

223 973 296 1031 dum
313 973 460 1032 ultionem
482 972 579 1048 poscit
596 971 677 1031 Mars
699 975 794 1050 pater,
816 971 972 1049 litigantes
995 973 1120 1032 fulmine
1142 973 1233 1033 misso

224 1061 338 1120 dirimit
364 1061 502 1138 Iuppiter
532 1052 582 1143 (cf.
608 1065 683 1123 scut.
705 1061 791 1121 Herc.
818 1063 881 1121 327
900 1053 987 1142 sqq).
1036 1080 1114 1138 quae
1141 1061 1233 1121 inter-

222 1151 353 1226 pretatio
382 1169 450 1209 cum
478 1149 605 1226 quadret
635 1149 673 1208 ad
702 1150 858 1228 amussim,
891 1149 1052 1208 dolendum
1080 1169 1150 1210 sane
1178 1155 1232 1228 est,

223 1239 258 1298 de
282 1237 392 1297 Latina
419 1237 509 1296 huius
537 1239 707 1316 argumenti
734 1239 890 1317 tragoedia
915 1238 1078 1316 vestigium
1104 1239 1233 1298 alterum

224 1347 285 1386 non
309 1329 418 1386 extare.
459 1326 655 1404 Aeschyleam
679 1327 800 1403 quidem
822 1346 980 1403 personam
1000 1326 1133 1402 Cycnum
1155 1329 1233 1387 teste

223 1415 425 1492 Aristophane
448 1434 510 1474 ran.
532 1417 595 1476 963
619 1415 770 1494 novimus,
801 1418 831 1476 et
853 1419 984 1476 veterem
1007 1418 1128 1492 poetam
1150 1415 1233 1475 Lati·

223 1523 297 1563 num
322 1506 454 1582 arguunt
478 1503 601 1581 spondei
623 1505 746 1580 paribus
770 1505 888 1564 sedibus
911 1505 1041 1564 admissi.

291 1591 423 1652 Omissas
441 1593 540 1652 nescio
560 1612 598 1652 an
616 1593 714 1652 futuri
732 1593 793 1654 sint
811 1593 864 1670 qui
884 1597 1049 1670 querantur
1067 1592 1136 1668 Syri
1155 1613 1232 1670 quae

222 1682 362 1741 feruntur
385 1682 556 1742 sententias.
603 1682 654 1741 sed
675 1683 754 1742 hunc
778 1701 885 1760 agrum
907 1702 984 1743 novo
1008 1682 1162 1741 conamine
1186 1703 1232 1742 re·

220 1771 393 1847 pastinandi
421 1790 512 1830 causa
539 1771 624 1829 nulla
651 1771 716 1831 visa
743 1773 796 1832 est.
847 1771 951 1848 itaque
978 1771 1111 1831 laborem
1142 1791 1234 1846 quem

220 1859 337 1920 iuvenis
356 1860 467 1920 umeris
486 1860 678 1921 debilioribus
697 1859 825 1938 inposui,
849 1862 915 1919 tum
933 1859 1044 1938 viginti
1063 1859 1125 1919 fere
1144 1861 1233 1920 annis

222 1949 369 2008 maturior
395 1949 494 2008 factus
522 1949 632 2008 iterum
660 1949 803 2026 sustinui,
832 1948 893 2007 iam
920 1949 986 2025 pari
1014 1948 1111 2024 spatio
1139 1948 1232 2008 inter-

221 2037 311 2097 misso
336 2057 424 2098 senex
446 2038 550 2097 futuro
575 2038 706 2116 saeculo,
735 2037 760 2096 si
787 2037 833 2097 his
859 2037 891 2097 in
915 2037 1086 2114 quisquiliis
1110 2056 1232 2112 operam

227 2145 399 2186 consumere
423 2126 515 2186 etiam
537 2125 662 2204 iuvabit,
685 2127 783 2186 laetus
805 2127 987 2186 transmitto.

291 2251 408 2310 Dabam
430 2250 538 2310 ultimo
562 2250 609 2310 die
634 2251 705 2309 anni
727 2247 1061 2312 MDOOOLXXXXVII.
