2668 3904
200 142 265 207 340
526 134 684 191 uuomvs
702 133 879 188 11111111

199 301 276 356 lione
303 300 385 368 dicit,
413 314 584 368 quamquam
610 296 726 366 planum
752 311 802 364 pro
832 295 1005 364 sycophanta
1032 295 1068 350 Μ.
1096 313 1213 364 quoque

201 373 296 428 Cicero
315 371 345 424 in
359 371 485 426 oratione
500 368 635 438 scriptum
652 365 775 435 reliquit,
794 383 879 434 quam
896 383 946 435 pro
965 365 1093 421 Cluentio
1113 367 1210 423 dixit'

544 589 680 660 AQVAL
706 587 863 647 OALDAE

696 713 712 770 I

254 871 260 882 .
308 869 313 882 .
360 819 392 880 et
415 814 479 878 iam
501 813 555 877 hio
577 834 628 877 me
652 813 792 897 optimus
815 817 944 877 sommis
966 812 1097 897 premit,

167 925 247 992 tVt
269 923 426 1009 premitur
448 921 519 1007 glis.

271 1045 380 1100 Nonius
396 1049 455 1111 119,
471 1049 505 1096 24
521 1041 611 1111 ‘glis,
630 1037 821 1095 nominatiuus
836 1041 872 1094 ab
887 1057 928 1110 eo,
945 1041 1021 1110 quod
1035 1043 1101 1094 sunt
1114 1041 1210 1110 glires.

201 1116 336 1172 Laberius
354 1115 385 1168 in
402 1113 491 1182 Aquis
511 1112 611 1166 caldis:
631 1112 728 1166 etiam’
744 1129 767 1166 e.
782 1129 808 1180 q.
824 1129 845 1166 s.
882 1113 993 1166 Laudat
1011 1111 1115 1180 aliquis
1135 1112 1211 1166 salu·

201 1191 292 1243 tarem
311 1203 447 1255 aquarum
465 1183 602 1266 effectum.

273 1300 287 1347 1
313 1293 421 1362 opimus
445 1293 632 1356 Passeratius,
658 1307 711 1359 qao
736 1291 773 1344 ad
797 1291 977 1359 supplendam
1001 1292 1141 1345 senariam
1165 1293 1211 1346 ati

198 1367 295 1438 possis,
313 1367 338 1419 si
356 1371 419 1418 asatc
438 1361 559 1432 optimus
578 1363 683 1415 inseras
755 1366 770 1414 2
789 1363 822 1414 ut
839 1360 976 1430 premitur
990 1361 1042 1430 F‘,
1060 1379 1107 1416 ras.
1119 1363 1213 1417 Fabri

203 1434 369 1507 opprimitur
387 1455 408 1504 φ
434 1450 467 1487 eo
486 1431 622 1504 premitur
639 1433 764 1486 Bathias.
803 1431 974 1488 Ooar'ciebara
992 1449 1047 1501 quo
1066 1433 1210 1502 premitur,

201 1516 233 1563 at
250 1509 359 1576 scripsit
377 1507 549 1560 Passeratius

202 1739 392 1826 podagricus
690 1653 721 1711 Π

275 1859 417 1914 Charisius
441 1878 468 1928 p.
484 1864 517 1913 58
535 1860 565 1914 P.
593 1859 781 1928 ‘podagrosus
808 1875 825 1911 a
849 1859 976 1928 podagra
1000 1859 1071 1912 bene
1098 1857 1210 1926 dicitur,

205 1933 254 1986 sed
274 1935 302 1985 et
320 1930 488 2002 podagricus
503 1948 520 1984 1
535 1931 639 2000 pedum
658 1928 842 1999 aegritudine,
862 1929 940 1983 ouius
959 1929 1116 2000 exemplum
1135 1929 1211 1998 apud
1317 1985 1318 1994 ,

203 2002 353 2058 Laberium
372 2005 414 2056 est
432 2001 466 2054 in
483 2001 588 2069 Aquis
608 2044 812 2056 ..........
827 2003 836 2070 ΙΙ
850 2000 1027 2055 Aeditumus’
1043 2017 1066 2054 e.
1077 2018 1103 2068 q.
1115 2018 1135 2054 s.
1165 1999 1211 2053 Sic

204 2076 264 2129 cod.
284 2076 356 2128 teste
375 2073 408 2128 H.
423 2072 528 2140 Keilio,
552 2072 600 2140 qui
625 2071 772 2125 adnotavit
794 2070 904 2125 litteras
928 2089 945 2125 a
967 2089 1020 2142 pe,
1044 2070 1152 2141 aegri,
1176 2071 1211 2125 in

204 2145 309 2214 Aquis
334 2147 369 2199 ab
392 2144 454 2214 ipso
478 2143 590 2212 quidem
613 2143 670 2197 iam
692 2142 750 2212 legi
771 2159 828 2196 non
847 2143 985 2213 potuisse,
1009 2143 1059 2196 sed
1078 2141 1211 2196 editionis

203 2217 290 2287 princ.
310 2215 478 2270 auctoritate
497 2214 566 2269 satis
586 2213 705 2268 defendi.
741 2212 822 2278 Quod
845 2215 921 2283 apud
938 2213 1103 2269 Putschium
1122 2213 1212 2266 fertur

204 2287 362 2356 exemplum
375 2286 582 2356 podagricus
599 2303 670 2348 non·
682 2283 840 2354 recessit,
859 2286 928 2339 item
940 2285 970 2338 in
983 2285 1025 2340 ed.
1036 2303 1076 2354 pr.
1091 2286 1120 2338 et
1134 2285 1211 2353 apud

203 2357 363 2412 Fabricium
382 2357 563 2412 desideratur.

645 2550 762 2609 ARIES

276 2631 315 2686 cf.
334 2631 464 2685 1111111.
483 2631 541 2685 XX.

204 2751 270 2816 Vix
293 2749 434 2814 sustineo
457 2749 556 2812 lassas
578 2750 687 2814 clunes

276 2869 417 2925 Charisius
434 2888 460 2938 p.
473 2875 505 2922 78
522 2870 551 2924 Ρ.
573 2870 700 2924 ‘clunes
718 2870 851 2924 feminino
870 2887 971 2940 genere
987 2869 1058 2924 dixit
1071 2869 1213 2939 Melissus,

205 2946 234 2998 et
252 2942 339 2996 habet
360 2943 502 2994 auctorem
519 2941 676 3010 Laberium,
695 2941 743 3010 qui
761 2941 790 2994 in
809 2941 903 2995 Ariete
923 2941 962 2995 sic
982 2941 1034 2996 ait:
1057 2940 1115 2994 uix
1138 2959 1213 2994 sus-

205 3014 299 3068 tineo
323 3012 440 3066 olunes
464 3029 498 3064 sc
524 3011 604 3065 uola
632 3015 665 3066 et
687 3011 851 3066 Horatius
875 3015 908 3066 et
935 3013 1045 3066 lassas
1072 3011 1211 3066 clunes’

205 3085 263 3156 (Sic
286 3084 346 3138 cod.
365 3083 454 3152 Neap.
475 3029 580 3136 ‘oiunes
603 3083 731 3137 melissus
754 3084 823 3137 femi
846 3082 917 3137 dixit
940 3083 1045 3137 oratius
1069 3085 1098 3137 et
1120 3083 1213 3136 lassos

204 3155 319 3210 culunes
343 3157 372 3208 et
393 3153 493 3207 melius
515 3163 577 3207 1111
601 3154 717 3208 dicitur'
738 3157 867 3224 excerpta
885 3154 972 3212 Paris.
1011 3154 1119 3209 Collato
1144 3171 1213 3208 ano-

203 3226 282 3296 nymi
306 3226 340 3279 de
364 3224 457 3278 dubiis
479 3242 553 3278 nom.
574 3225 649 3295 apud
667 3225 788 3290 Keilium
807 3225 874 3288 GGL
889 3226 915 3278 V
931 3245 958 3294 p.
974 3230 1025 3280 575
1048 3224 1213 3280 testimonio
1317 3237 1318 3242 ’

203 3299 257 3350 hoc
286 3296 392 3349 ‘clunes
423 3295 533 3365 generis
565 3295 704 3366 feminini,
737 3299 769 3350 ut
803 3296 951 3352 Scaeuola:
984 3296 1074 3350 lassas
1103 3295 1211 3350 clunes’
1317 3351 1318 3368 ,

204 3368 241 3420 M.
261 3366 400 3436 Hauptius
424 3367 454 3418 in
478 3365 561 3420 Ovidi
583 3366 705 3422 Halieut.
729 3386 755 3437 p.
774 3373 820 3434 74,
852 3384 935 3436 quem
962 3367 1070 3421 Keilius
1099 3370 1213 3423 secutus

206 3441 260 3504 est,
285 3437 324 3490 sic
343 3437 466 3506 scripsit:
490 3437 547 3490 vix
571 3438 724 3492 sustineo
748 3437 864 3492 clunes
977 3440 1010 3492 et
1032 3438 1213 3497 Horatius:

205 3507 367 3577 pulchrae
391 3507 506 3560 clunes
526 3508 618 3578 [sati
637 3515 660 3577 2,
677 3510 735 3580 89],
754 3511 787 3563 et
806 3509 986 3564 Scaevola:
1009 3509 1120 3564 lassas
1140 3510 1213 3564 clu·
1317 3521 1318 3562 1
