2684 3908
603 125 739 182 NOVIVS

592 327 749 390 MAOOVS

661 455 677 513 I

167 557 298 643 Soilpes
321 558 431 623 dentes
454 557 636 641 derepente,
659 557 694 620 in
716 557 830 620 scaena
852 556 880 619 si
902 555 1091 640 pecca'ueris.

238 696 347 750 Nonius
367 701 427 766 518,
445 703 479 751 14
499 696 697 764 ‘derepente
717 738 722 750 .
739 739 744 748 .
762 738 767 748 .
786 693 895 748 Nouius
913 694 1043 750 Maccho:
1063 693 1175 763 scalpis’

166 784 192 821 e.
208 785 235 835 q.
250 785 270 822 s.

242 873 350 943 sculpes
366 874 484 929 Bolbias
502 873 604 943 scalpis
623 894 644 928 ω
705 873 855 942 derepente
873 879 966 928 atram
984 873 1178 941 adaequantia

168 963 209 1000 aa
227 947 265 1000 ad
279 947 376 1014 priora
391 948 528 1014 pertineat
545 947 703 1056 ambiguum
769 960 853 998 scena
871 964 893 997 ω
916 943 1177 1010 cenaed.u.1471‚

168 1018 233 1084 fort.
247 1023 316 1072 recte
386 1017 435 1070 Aa
451 1019 622 1086 peccauerit.

660 1201 691 1260 Π
806 1283 941 1368 pecunia
1197 1301 1231 1349 45

172 1389 278 1468 Quid?
305 1391 426 1456 bonum
444 1391 542 1455 breue
561 1392 622 1476 est,
640 1390 804 1475 respondi,
824 1388 1026 1454 sardiniense
1045 1389 1179 1454 calseum.

243 1529 351 1585 Nonius
374 1535 434 1599 200,
455 1535 470 1584 9
496 1531 625 1584 ‘caseus
648 1529 741 1584 neutri
764 1529 872 1584 Nouius
895 1529 1024 1584 Maochoz
1048 1527 1178 1599 pecunia’

172 1619 196 1656 e.
212 1620 237 1670 q.
254 1620 273 1656 s.

150 1772 155 1782 Ι
245 1715 260 1762 2
285 1707 354 1776 quid
371 1708 476 1761 bonum
495 1705 564 1775 quid
581 1707 686 1762 bonum
704 1707 835 1777 respondi
854 1707 926 1762 F¹L
1002 1707 1181 1762 Sardiniense

175 1780 280 1836 octoas
298 1777 387 1833 sardis
406 1777 538 1832 ueniense
552 1778 696 1833 EPHL
714 1778 804 1832 sardis
822 1779 937 1833 ueniens
951 1777 1091 1834 F²H²W
1104 1778 1182 1832 sardi

172 1851 240 1906 ueni
259 1851 299 1906 F¹
317 1867 333 1905 e
352 1849 447 1904 Sardis
465 1848 581 1904 ueniens
601 1851 738 1904 Mwalciue

538 2069 694 2130 MACOVS
719 2069 819 2130 00P0

175 2189 331 2254 Actdtum
354 2189 464 2276 scibis,
487 2211 560 2254 curn
582 2189 618 2253 in
639 2211 739 2253 neruo
762 2189 935 2254 uiolabere.

246 2327 345 2382 Festus
363 2347 390 2398 p.
407 2333 457 2382 177
476 2329 513 2383 M.
536 2327 679 2382 ‘nictare
704 2330 733 2381 et
753 2327 896 2382 oculorum
914 2330 943 2382 et
962 2327 1081 2383 aliorum
1096 2345 1182 2382 mem-

174 2400 289 2454 brorum
306 2399 370 2453 nisu
389 2415 473 2469 saepe
492 2398 601 2466 aliquid
619 2398 715 2452 conari
733 2398 840 2452 dictum
854 2401 897 2452 est
911 2399 947 2454 ab
962 2398 1086 2467 antiquis
1103 2431 1133 2440 -
1150 2432 1183 2440 —

175 2470 284 2525 Nouius
303 2470 333 2524 in
350 2471 468 2524 Maccho
488 2487 606 2539 copone:
628 2471 766 2524 actutum’
782 2486 805 2524 e.
821 2487 847 2538 q.
862 2487 883 2524 s.

248 2594 332 2649 scibis
348 2595 468 2666 Souliqer
486 2593 558 2647 scrib
575 2595 632 2648 cod.
653 2593 756 2648 scribes
774 2595 890 2650 Vrsinus
943 2593 1086 2648 nictabere
1105 2595 1184 2666 culpo

175 2667 326 2721 nectabere
344 2668 401 2721 cod.

539 2830 696 2892 Maccus
720 2832 827 2891 EXVL

674 2957 690 3015 Ι

214 3058 296 3141 Em:
323 3057 412 3122 dixin
434 3059 557 3123 iturum
578 3057 743 3123 hominem
765 3059 799 3124 in
823 3059 943 3124 Tdscos
966 3058 1119 3124 tolutim?

248 3179 356 3235 Nonius
374 3187 404 3248 4,
424 3186 440 3234 9
461 3179 616 3234 ‘tolutim
638 3179 742 3234 dicitur
765 3181 847 3248 quasi
870 3179 990 3235 uolutim
1008 3179 1055 3234 uel
1075 3179 1186 3234 uolubi-

177 3252 243 3305 liter
267 3297 272 3308 .
292 3295 298 3306 .
320 3296 325 3306 .
349 3250 456 3305 Nouius
483 3250 639 3306 Gallinaria
666 3251 716 3324 [ll]
744 3251 820 3306 idem
847 3252 944 3306 Macco
972 3251 1065 3306 exule:
1094 3251 1194 3305 edixi’.

180 3339 203 3376 e.
219 3341 245 3391 q.
261 3341 281 3379 s.

251 3446 296 3483 em
314 3403 392 3483 dixin
409 3432 507 3500 seraa
525 3435 540 3484 e
555 3429 614 3483 ssu
628 3431 707 3486 nu
723 3434 766 3485 ec
784 3429 843 3484 aar
857 3431 935 3486 Bau
954 3430 1049 3485 aaran
1062 3431 1188 3500 Bararus,

179 3503 228 3571 qui
246 3503 371 3556 bacchor
389 3504 512 3573 uqaooit:
532 3518 585 3571 pro
602 3505 750 3572 septenarii
767 3504 848 3558 iamt.
867 3504 956 3571 frusto
974 3503 1026 3558 clii
1043 3503 1141 3559 babeat
