2686 3910
324 167 373 220 EX
390 167 557 224 Incertus
574 167 815 226 INCERTORVM
836 171 988 227 FABVLIS
1097 175 1162 238 143

150 328 231 382 semel
249 329 305 383 cod.
394 343 457 382 eam
474 331 572 398 scripsi
591 345 606 383 e
625 331 667 399 (in
684 330 738 398 fine
755 333 858 399 uersus)
877 333 933 386 cod.
953 331 1098 388 etiamad.
1115 350 1160 402 pr.

203 399 252 452 Aa
269 415 327 452 non
345 414 397 468 ego
416 398 501 454 istam
518 407 565 468 p?
645 399 714 454 reici
732 417 788 455 non
806 401 919 470 potuit?
936 419 993 456 non
1011 403 1160 473 perpetiar,

150 485 208 522 non
226 485 290 522 eam
307 469 445 538 perferam
463 471 525 525 Bne

607 549 704 608 XLIV

238 649 455 716 Tertullianus
474 651 512 715 de
530 651 637 716 anima
651 651 695 715 20
713 652 838 718 ‘comici
860 651 1033 740 Phrygas
1056 655 1160 719 timi·

148 756 215 820 dos
237 755 408 837 inludunt?

220 875 260 931 cf.
275 877 440 946 Apollodori
459 877 657 935 citharoedus:
686 881 718 934 οὐ
742 889 888 952 πανταχοῦ
913 880 987 946 Φύξ
1013 881 1080 951 εἰμι·
1109 891 1159 936 τοῦ

147 951 197 1018 ζῆν
215 944 253 1028 iia
271 947 326 1016 ὁρῶ
344 953 478 1015 Κρεῑττον
495 950 527 1004 τὸ
546 950 583 1019 μὴ
603 953 661 1020 ζῆν,
679 951 816 1022 χρήσομαι
834 957 871 1024 τῷ
891 901 1036 1021 aprinum.
1068 951 1159 1006 Aliter

147 1035 176 1073 se
195 1021 270 1089 gent
288 1019 468 1089 Turpilianus
486 1027 588 1076 [102.

612 1119 693 1177 XLV

145 1217 252 1283 Viden
273 1222 311 1283 dt
333 1219 483 1284 cinaedus
506 1220 616 1284 orbem
641 1220 743 1308 digito
766 1221 945 1304 temperat?

221 1339 370 1394 Suetonius
390 1340 449 1396 Oct.
470 1347 504 1396 68
525 1341 585 1395 ‘sed
604 1345 633 1395 et
650 1341 770 1411 populus
789 1342 933 1410 quondam
950 1341 1097 1396 uniuersus
1115 1341 1157 1394 lu·

146 1411 246 1464 dorum
265 1410 310 1466 die
329 1413 359 1466 et
377 1411 487 1481 accepit
503 1411 534 1465 in
553 1413 753 1467 contumeliam
775 1411 835 1466 eius
854 1415 883 1467 et
902 1428 1016 1467 assensu
1034 1412 1156 1468 maximo

147 1481 344 1551 comprobauit
356 1498 469 1536 uersum
481 1483 512 1536 in
527 1499 629 1538 scaena
641 1483 855 1553 pronuntiatum
869 1483 904 1538 de
923 1483 1017 1554 gallo
1034 1483 1156 1538 matris

145 1553 242 1606 deum
260 1553 532 1623 tympanizante:
551 1553 671 1608 uiden’
688 1571 711 1609 e.
722 1572 748 1622 q.
760 1572 780 1610 s.
806 1555 851 1609 Ad
865 1557 994 1624 togatam
1009 1555 1054 1625 (cf.
1069 1556 1156 1609 Attae

144 1623 330 1695 Megalensia)
345 1627 395 1678 aut
409 1625 445 1678 ad
458 1624 575 1678 mimum
586 1624 630 1695 (of.
642 1624 718 1680 Galli
730 1623 853 1693 Laberii)
862 1625 1002 1695 pertinere
1016 1626 1155 1682 videntur.

217 1713 257 1782 Os.
277 1713 427 1770 Lobectins
444 1714 579 1786 Aploqua
601 1719 669 1769 1016

598 1846 696 1906 XLVI

143 1944 187 2010 Di
205 1945 406 2014 inmortales!
430 1947 509 2031 qua's
528 1969 587 2034 ego
606 1969 740 2034 pugnas,
760 1949 896 2033 quantas
916 1953 1039 2036 strages
1058 1947 1155 2013 edidit

216 2067 311 2122 Cicero
330 2067 411 2137 epist.
431 2068 469 2122 ad
485 2069 544 2123 Att.
560 2069 573 2122 Ι
591 2075 664 2138 16,1
686 2069 736 2122 ‘di
754 2068 971 2126 inmortalesl
991 2086 1074 2138 quas
1094 2085 1155 2138 ego

141 2155 273 2208 pugnas
294 2141 327 2192 et
345 2141 493 2206 quantas
512 2142 648 2209 strages
668 2139 774 2196 edidi!
799 2157 869 2209 quos
888 2140 1010 2210 impetus
1029 2139 1059 2193 in
1077 2139 1155 2194 Piso·

143 2225 216 2279 nem,
235 2209 266 2263 in
284 2208 439 2280 Curionem,
458 2209 489 2263 in
506 2212 598 2266 totam
616 2210 696 2264 illam
709 2228 824 2265 manum
837 2210 905 2266 fecit
925 2229 981 2280 quo
995 2211 1078 2265 modo
1094 2227 1156 2264 sum

144 2280 302 2336 insectatus
320 2279 591 2351 leuitatemsenum,
610 2281 758 2336 libidinem
771 2281 952 2338 iuuentutis?
980 2282 1096 2336 Servum
1109 2280 1156 2335 vel

131 2351 300 2420 parasitum
317 2351 348 2404 in
367 2351 512 2414 comoedia
529 2351 700 2422 gloriantem
718 2355 747 2407 et
764 2352 1042 2422 tragicum·colorem
1061 2351 1154 2406 adlec-

141 2425 251 2477 tantem
269 2421 321 2477 illa
338 2422 501 2492 praedicare
519 2423 646 2493 potuisse
665 2423 823 2493 suspicatus
843 2441 913 2478 sum.

214 2510 244 2564 di
262 2510 425 2566 inmortales
443 2519 475 2568 ut
493 2514 660 2568 adsumerent
678 2513 766 2568 sucat
783 2512 846 2568 Boe

588 2643 701 2702 xnvu
968 2717 970 2720 .

140 2793 149 2812 .
172 2744 342 2829 persuasit·
354 2745 462 2813 animo
484 2745 607 2830 uinum,
626 2744 703 2810 de‘us
722 2745 778 2830 qui
795 2743 900 2810 multo
920 2747 968 2810 est
985 2744 1153 2810 maximus.

211 2865 311 2920 Festus
324 2884 351 2935 p.
368 2871 419 2920 153
432 2865 470 2921 M.
483 2865 707 2936 ‘metonymia
725 2869 769 2920 est
781 2868 886 2937 tropos,
901 2883 964 2921 cum
979 2865 1015 2920 ab
1030 2881 1062 2920 eo
1077 2865 1153 2934 quod

141 2936 267 2991 continet
286 2935 460 3006 significatur
477 2936 508 2990 id
526 2937 603 3005 quod
622 2937 788 3006 continetur,
808 2941 859 2992 aut
874 2937 999 3008 superior
1012 2936 1152 3006 inferiore,

140 3008 204 3062 ant'
226 3008 288 3078 (‘et’
310 3007 382 3078 cod.)
403 3007 528 3062 ‘inferior
552 3007 701 3078 superiore.
739 3007 816 3076 Quae
839 3009 966 3064 continet
988 3007 1064 3076 quod
1087 3024 1152 3060 oon-

139 3077 254 3147 tinetur,
273 3081 307 3132 ut
323 3078 430 3132 Ennius
445 3110 478 3120 -
493 3079 529 3134 ab
549 3095 582 3135 eo
601 3079 678 3148 quod
697 3079 856 3136 continetur
874 3079 904 3133 id
923 3079 999 3148 qnod
1017 3077 1151 3147 continet,

140 3152 172 3204 ut
190 3167 254 3204 cum
280 3148 395 3206 dicitur:
419 3153 504 3220 epota
522 3150 659 3220 amphora
676 3150 744 3206 uini.
782 3167 799 3204 a
817 3149 960 3222 superiore
978 3148 1101 3218 inferior,
1120 3153 1153 3204 ut

138 3220 292 3275 Ennius—
302 3219 338 3274 ab
352 3220 483 3277 inferiore
498 3221 632 3291 superior,
651 3224 695 3278 ut:
714 3221 905 3294 persuasit’
927 3237 950 3276 e.
961 3239 987 3290 q.
998 3238 1019 3276 s.
1047 3220 1152 3274 Poetae

139 3291 272 3361 anonymi
292 3291 391 3347 Graeci
410 3295 491 3364 (1274
509 3291 554 3363 K.)
575 3287 651 3356 οἶνός
675 3290 705 3363 μ’
727 3291 818 3352 ἔπεισε
837 3290 981 3363 δαιμόνων
999 3289 1152 3361 ὑπέρτατος

139 3362 240 3417 comici
259 3379 296 3418 an
314 3362 416 3433 tragici
433 3380 530 3418 versus
550 3363 588 3418 sit
605 3363 743 3418 incertum
761 3363 832 3422 dicit
850 3363 1017 3420 Meinekius.

137 3470 297 3597 ruarmo
315 3469 357 3524 ita
374 3471 501 3540 suppleas
592 3469 685 3527 animo
704 3487 753 3526 om.
774 3470 934 3543 Spcupeline
952 3473 1091 3541 senorium
1109 3471 1151 3526 di-

190 3557 260 3600 sens
292 3559 294 3562 ·
767 3573 769 3576 ·
