<?xml version="1.0" encoding="UTF-8"?>
<!DOCTYPE html PUBLIC "-//W3C//DTD XHTML 1.0 Transitional//EN"
    "http://www.w3.org/TR/xhtml1/DTD/xhtml1-transitional.dtd">
<html xmlns="http://www.w3.org/1999/xhtml" xml:lang="en" lang="en">
 <head>
  <title>
</title>
<meta http-equiv="Content-Type" content="text/html;charset=utf-8" />
  <meta name='ocr-system' content='tesseract 3.04.00' />
  <meta name='ocr-capabilities' content='ocr_page ocr_carea ocr_par ocr_line ocrx_word'/>
</head>
<body>
  <div class='ocr_page' id='page_1' title='image "./scaenicaeromano07ribbgoog_0317.png"; bbox 0 0 2684 3908; ppageno 0'>
   <div class='ocr_carea' id='block_1_1' title="bbox 183 163 946 232">
    <p class='ocr_par' dir='ltr' id='par_1_1' title="bbox 183 163 946 232">
     <span class='ocr_line' id='line_1_1' title="bbox 183 163 946 232; baseline -0.008 -9"><span class='ocrx_word' id='word_1_1' title='bbox 183 169 250 232; x_wconf 76' lang='grc'><strong>300</strong></span> <span class='ocrx_word' id='word_1_2' title='bbox 426 167 456 222; x_wconf 82' lang='lat' dir='ltr'><strong>L.</strong></span> <span class='ocrx_word' id='word_1_3' title='bbox 475 165 686 221; x_wconf 77' lang='lat' dir='ltr'><strong>POMPONIVS</strong></span> <span class='ocrx_word' id='word_1_4' title='bbox 704 163 946 219; x_wconf 78' lang='lat' dir='ltr'>BONONOENSIS</span> 
     </span>
    </p>
   </div>
   <div class='ocr_carea' id='block_1_2' title="bbox 133 352 1010 647">
    <p class='ocr_par' dir='ltr' id='par_1_2' title="bbox 133 352 1010 647">
     <span class='ocr_line' id='line_1_2' title="bbox 666 352 709 409; baseline 0 0"><span class='ocrx_word' id='word_1_5' title='bbox 666 352 709 409; x_wconf 86' lang='lat' dir='ltr'><strong>VI</strong></span> 
     </span>
     <span class='ocr_line' id='line_1_3' title="bbox 601 451 1010 537; baseline 0 -21"><span class='ocrx_word' id='word_1_6' title='bbox 601 455 683 537; x_wconf 76' lang='lat' dir='ltr'><strong>quae</strong></span> <span class='ocrx_word' id='word_1_7' title='bbox 704 453 867 537; x_wconf 72' lang='lat' dir='ltr'><strong>peditibus</strong></span> <span class='ocrx_word' id='word_1_8' title='bbox 888 451 1010 516; x_wconf 74' lang='lat' dir='ltr'><strong>nubere</strong></span> 
     </span>
     <span class='ocr_line' id='line_1_4' title="bbox 133 561 823 647; baseline -0.006 -20"><span class='ocrx_word' id='word_1_9' title='bbox 133 578 185 627; x_wconf 75' lang='lat'><strong>155</strong></span> <span class='ocrx_word' id='word_1_10' title='bbox 194 561 362 647; x_wconf 78' lang='lat' dir='ltr'><strong>Poterant,</strong></span> <span class='ocrx_word' id='word_1_11' title='bbox 385 561 509 646; x_wconf 91' lang='lat' dir='ltr'><strong>equites</strong></span> <span class='ocrx_word' id='word_1_12' title='bbox 532 563 662 645; x_wconf 76' lang='lat' dir='ltr'><strong>sperant</strong></span> <span class='ocrx_word' id='word_1_13' title='bbox 683 582 823 644; x_wconf 78' lang='lat' dir='ltr'><strong>spurcae.</strong></span> 
     </span>
    </p>
   </div>
   <div class='ocr_carea' id='block_1_3' title="bbox 187 681 1202 822">
    <p class='ocr_par' dir='ltr' id='par_1_3' title="bbox 187 681 1202 822">
     <span class='ocr_line' id='line_1_5' title="bbox 258 681 1202 752; baseline -0.002 -15"><span class='ocrx_word' id='word_1_14' title='bbox 258 683 366 737; x_wconf 84' lang='lat' dir='ltr'><strong>Nonius</strong></span> <span class='ocrx_word' id='word_1_15' title='bbox 381 689 486 752; x_wconf 81' lang='grc'>394,15</span> <span class='ocrx_word' id='word_1_16' title='bbox 503 683 671 751; x_wconf 85' lang='lat' dir='ltr'><strong>‘spurcum</strong></span> <span class='ocrx_word' id='word_1_17' title='bbox 689 681 830 750; x_wconf 76' lang='lat' dir='ltr'><strong>significat</strong></span> <span class='ocrx_word' id='word_1_18' title='bbox 848 682 1000 735; x_wconf 86' lang='lat' dir='ltr'><strong>obscenum</strong></span> <span class='ocrx_word' id='word_1_19' title='bbox 1014 683 1044 735; x_wconf 89' lang='lat' dir='ltr'><strong>et</strong></span> <span class='ocrx_word' id='word_1_20' title='bbox 1056 681 1202 750; x_wconf 88' lang='lat' dir='ltr'><strong>impurum</strong></span> 
     </span>
     <span class='ocr_line' id='line_1_6' title="bbox 187 752 1078 822; baseline -0.001 -14"><span class='ocrx_word' id='word_1_21' title='bbox 187 757 216 809; x_wconf 91' lang='lat' dir='ltr'><strong>et</strong></span> <span class='ocrx_word' id='word_1_22' title='bbox 233 754 405 809; x_wconf 86' lang='lat' dir='ltr'><strong>lutulentum</strong></span> <span class='ocrx_word' id='word_1_23' title='bbox 423 799 429 810; x_wconf 94' lang='lat'><strong><em>.</em></strong></span> <span class='ocrx_word' id='word_1_24' title='bbox 446 798 452 808; x_wconf 91' lang='lat'>.</span> <span class='ocrx_word' id='word_1_25' title='bbox 468 798 474 808; x_wconf 94' lang='lat'>.</span> <span class='ocrx_word' id='word_1_26' title='bbox 493 753 664 822; x_wconf 86' lang='lat' dir='ltr'><strong>Pomponius</strong></span> <span class='ocrx_word' id='word_1_27' title='bbox 682 752 855 808; x_wconf 79' lang='lat' dir='ltr'><strong>Prostibulo:</strong></span> <span class='ocrx_word' id='word_1_28' title='bbox 874 754 959 821; x_wconf 88' lang='lat' dir='ltr'><strong>qnae’</strong></span> <span class='ocrx_word' id='word_1_29' title='bbox 975 769 999 807; x_wconf 91' lang='lat' dir='ltr'><strong>e.</strong></span> <span class='ocrx_word' id='word_1_30' title='bbox 1014 771 1040 822; x_wconf 94' lang='lat' dir='ltr'><strong>q.</strong></span> <span class='ocrx_word' id='word_1_31' title='bbox 1057 771 1078 808; x_wconf 91' lang='lat' dir='ltr'><strong>s.</strong></span> 
     </span>
    </p>
   </div>
   <div class='ocr_carea' id='block_1_4' title="bbox 186 858 1205 1004">
    <p class='ocr_par' dir='ltr' id='par_1_4' title="bbox 186 858 1205 1004">
     <span class='ocr_line' id='line_1_7' title="bbox 259 858 1205 932; baseline -0.001 -17"><span class='ocrx_word' id='word_1_32' title='bbox 259 869 273 915; x_wconf 96' lang='lat'>1</span> <span class='ocrx_word' id='word_1_33' title='bbox 292 861 437 932; x_wconf 88' lang='lat' dir='ltr'><strong>peditibus</strong></span> <span class='ocrx_word' id='word_1_34' title='bbox 457 877 505 914; x_wconf 81' lang='lat' dir='ltr'><strong>me.</strong></span> <span class='ocrx_word' id='word_1_35' title='bbox 522 860 680 915; x_wconf 65' lang='lat' dir='ltr'><strong>casauboni</strong></span> <span class='ocrx_word' id='word_1_36' title='bbox 702 858 822 928; x_wconf 86' lang='lat' dir='ltr'><strong>pedibus</strong></span> <span class='ocrx_word' id='word_1_37' title='bbox 842 880 864 928; x_wconf 85' lang='grc' dir='ltr'><strong><em>φ</em></strong></span> <span class='ocrx_word' id='word_1_38' title='bbox 951 866 967 913; x_wconf 79' lang='lat'>2</span> <span class='ocrx_word' id='word_1_39' title='bbox 989 876 1046 913; x_wconf 89' lang='lat' dir='ltr'><strong>non</strong></span> <span class='ocrx_word' id='word_1_40' title='bbox 1067 861 1205 928; x_wconf 86' lang='lat' dir='ltr'><strong>poteraut</strong></span> 
     </span>
     <span class='ocr_line' id='line_1_8' title="bbox 186 932 749 1004; baseline -0.007 -14"><span class='ocrx_word' id='word_1_41' title='bbox 186 936 238 1003; x_wconf 80' lang='lat' dir='ltr'><strong>(ccl</strong></span> <span class='ocrx_word' id='word_1_42' title='bbox 255 950 409 1001; x_wconf 81' lang='lat' dir='ltr'><strong>numquam</strong></span> <span class='ocrx_word' id='word_1_43' title='bbox 426 932 531 986; x_wconf 84' lang='lat' dir='ltr'><strong>nubere</strong></span> <span class='ocrx_word' id='word_1_44' title='bbox 548 933 552 1004; x_wconf 89' lang='grc' dir='ltr'>Ι</span> <span class='ocrx_word' id='word_1_45' title='bbox 567 933 711 1001; x_wconf 78' lang='lat' dir='ltr'><strong>poteraut)</strong></span> <span class='ocrx_word' id='word_1_46' title='bbox 728 949 749 986; x_wconf 74' lang='lat' dir='ltr'><strong>a·</strong></span> 
     </span>
    </p>
   </div>
   <div class='ocr_carea' id='block_1_5' title="bbox 188 1135 1205 1408">
    <p class='ocr_par' dir='ltr' id='par_1_5' title="bbox 188 1135 1205 1408">
     <span class='ocr_line' id='line_1_9' title="bbox 666 1135 725 1193; baseline 0 0"><span class='ocrx_word' id='word_1_47' title='bbox 666 1135 725 1193; x_wconf 88' lang='lat' dir='ltr'><strong>VH</strong></span> 
     </span>
     <span class='ocr_line' id='line_1_10' title="bbox 188 1236 1205 1321; baseline -0.004 -17"><span class='ocrx_word' id='word_1_48' title='bbox 188 1238 266 1316; x_wconf 77' lang='lat' dir='ltr'><strong>Quis</strong></span> <span class='ocrx_word' id='word_1_49' title='bbox 294 1237 349 1304; x_wconf 86' lang='lat' dir='ltr'><strong>hic</strong></span> <span class='ocrx_word' id='word_1_50' title='bbox 376 1238 448 1304; x_wconf 80' lang='lat' dir='ltr'><strong>est?</strong></span> <span class='ocrx_word' id='word_1_51' title='bbox 491 1259 587 1321; x_wconf 83' lang='lat' dir='ltr'><strong>quam</strong></span> <span class='ocrx_word' id='word_1_52' title='bbox 615 1236 727 1302; x_wconf 89' lang='lat' dir='ltr'><strong>obrem</strong></span> <span class='ocrx_word' id='word_1_53' title='bbox 753 1236 807 1301; x_wconf 92' lang='lat' dir='ltr'><strong>hic</strong></span> <span class='ocrx_word' id='word_1_54' title='bbox 833 1237 983 1321; x_wconf 80' lang='lat' dir='ltr'><strong>prostat?</strong></span> <span class='ocrx_word' id='word_1_55' title='bbox 1023 1237 1143 1302; x_wconf 87' lang='lat' dir='ltr'><strong>rictum</strong></span> <span class='ocrx_word' id='word_1_56' title='bbox 1171 1242 1205 1302; x_wconf 91' lang='lat' dir='ltr'><strong>et</strong></span> 
     </span>
     <span class='ocr_line' id='line_1_11' title="bbox 697 1342 1159 1408; baseline 0.002 -1"><span class='ocrx_word' id='word_1_57' title='bbox 697 1342 805 1407; x_wconf 73' lang='lat' dir='ltr'><strong>libeas</strong></span> <span class='ocrx_word' id='word_1_58' title='bbox 828 1365 902 1407; x_wconf 92' lang='lat' dir='ltr'><strong>cum</strong></span> <span class='ocrx_word' id='word_1_59' title='bbox 924 1343 1092 1408; x_wconf 85' lang='lat' dir='ltr'><strong>considero</strong></span> <span class='ocrx_word' id='word_1_60' title='bbox 1114 1382 1159 1390; x_wconf 89' lang='lat'><em>-</em></span> 
     </span>
    </p>
   </div>
   <div class='ocr_carea' id='block_1_6' title="bbox 187 1464 1202 1677">
    <p class='ocr_par' dir='ltr' id='par_1_6' title="bbox 187 1464 1202 1677">
     <span class='ocr_line' id='line_1_12' title="bbox 259 1464 1201 1534; baseline 0 -16"><span class='ocrx_word' id='word_1_61' title='bbox 259 1464 368 1519; x_wconf 85' lang='lat' dir='ltr'><strong>Nouius</strong></span> <span class='ocrx_word' id='word_1_62' title='bbox 385 1472 476 1534; x_wconf 81' lang='lat'>456‚1</span> <span class='ocrx_word' id='word_1_63' title='bbox 499 1466 634 1520; x_wconf 87' lang='lat' dir='ltr'><strong>‘rictum</strong></span> <span class='ocrx_word' id='word_1_64' title='bbox 651 1467 774 1520; x_wconf 86' lang='lat' dir='ltr'><strong>ferarum</strong></span> <span class='ocrx_word' id='word_1_65' title='bbox 792 1466 849 1519; x_wconf 88' lang='lat' dir='ltr'><strong>dici</strong></span> <span class='ocrx_word' id='word_1_66' title='bbox 866 1467 976 1533; x_wconf 87' lang='lat' dir='ltr'><strong>uolunt,</strong></span> <span class='ocrx_word' id='word_1_67' title='bbox 994 1484 1058 1519; x_wconf 90' lang='lat' dir='ltr'><strong>cum</strong></span> <span class='ocrx_word' id='word_1_68' title='bbox 1076 1465 1201 1519; x_wconf 72' lang='lat' dir='ltr'><strong>Titinius</strong></span> 
     </span>
     <span class='ocr_line' id='line_1_13' title="bbox 189 1536 1202 1606; baseline 0 -16"><span class='ocrx_word' id='word_1_69' title='bbox 189 1538 287 1590; x_wconf 78' lang='lat' dir='ltr'>auctor</span> <span class='ocrx_word' id='word_1_70' title='bbox 314 1536 352 1591; x_wconf 87' lang='lat' dir='ltr'><strong>sit</strong></span> <span class='ocrx_word' id='word_1_71' title='bbox 379 1537 466 1591; x_wconf 85' lang='lat' dir='ltr'><strong>etiam</strong></span> <span class='ocrx_word' id='word_1_72' title='bbox 492 1537 613 1592; x_wconf 85' lang='lat' dir='ltr'><strong>hominis</strong></span> <span class='ocrx_word' id='word_1_73' title='bbox 641 1537 698 1592; x_wconf 87' lang='lat' dir='ltr'><strong>dici</strong></span> <span class='ocrx_word' id='word_1_74' title='bbox 726 1537 828 1591; x_wconf 89' lang='lat' dir='ltr'><strong>debere</strong></span> <span class='ocrx_word' id='word_1_75' title='bbox 852 1581 858 1591; x_wconf 90' lang='lat'>.</span> <span class='ocrx_word' id='word_1_76' title='bbox 879 1582 884 1592; x_wconf 92' lang='lat'><em>.</em></span> <span class='ocrx_word' id='word_1_77' title='bbox 906 1583 911 1591; x_wconf 93' lang='lat'><em>.</em></span> <span class='ocrx_word' id='word_1_78' title='bbox 935 1537 1004 1592; x_wconf 86' lang='lat' dir='ltr'><strong>item</strong></span> <span class='ocrx_word' id='word_1_79' title='bbox 1028 1536 1202 1606; x_wconf 86' lang='lat' dir='ltr'><strong>Pomponius</strong></span> 
     </span>
     <span class='ocr_line' id='line_1_14' title="bbox 187 1606 574 1677; baseline 0.003 -16"><span class='ocrx_word' id='word_1_80' title='bbox 187 1606 362 1664; x_wconf 85' lang='lat' dir='ltr'><strong>Prostibulo:</strong></span> <span class='ocrx_word' id='word_1_81' title='bbox 382 1608 455 1676; x_wconf 78' lang='lat' dir='ltr'><strong>quie’</strong></span> <span class='ocrx_word' id='word_1_82' title='bbox 472 1625 495 1663; x_wconf 91' lang='lat' dir='ltr'><strong>e.</strong></span> <span class='ocrx_word' id='word_1_83' title='bbox 511 1627 537 1677; x_wconf 88' lang='lat' dir='ltr'><strong>q.</strong></span> <span class='ocrx_word' id='word_1_84' title='bbox 553 1626 574 1662; x_wconf 94' lang='lat' dir='ltr'><strong>s.</strong></span> 
     </span>
    </p>
   </div>
   <div class='ocr_carea' id='block_1_7' title="bbox 261 1714 1146 1784">
    <p class='ocr_par' dir='ltr' id='par_1_7' title="bbox 261 1714 1146 1784">
     <span class='ocr_line' id='line_1_15' title="bbox 261 1714 1146 1784; baseline 0.002 -18"><span class='ocrx_word' id='word_1_85' title='bbox 261 1715 324 1781; x_wconf 87' lang='lat' dir='ltr'><strong>quis</strong></span> <span class='ocrx_word' id='word_1_86' title='bbox 342 1714 390 1768; x_wconf 91' lang='lat' dir='ltr'><strong>hic</strong></span> <span class='ocrx_word' id='word_1_87' title='bbox 408 1717 452 1768; x_wconf 90' lang='lat' dir='ltr'><strong>est</strong></span> <span class='ocrx_word' id='word_1_88' title='bbox 470 1716 522 1769; x_wconf 81' lang='lat' dir='ltr'><strong>alii</strong></span> <span class='ocrx_word' id='word_1_89' title='bbox 536 1715 698 1784; x_wconf 75' lang='lat' dir='ltr'><strong>praeferant</strong></span> <span class='ocrx_word' id='word_1_90' title='bbox 769 1714 815 1768; x_wconf 90' lang='lat' dir='ltr'><strong>hic</strong></span> <span class='ocrx_word' id='word_1_91' title='bbox 833 1715 949 1770; x_wconf 77' lang='lat' dir='ltr'><strong>alterum</strong></span> <span class='ocrx_word' id='word_1_92' title='bbox 966 1731 1103 1784; x_wconf 72' lang='lat' dir='ltr'><strong>suprascr.</strong></span> <span class='ocrx_word' id='word_1_93' title='bbox 1118 1715 1146 1768; x_wconf 92' lang='lat' dir='ltr'><strong><em>L</em></strong></span> 
     </span>
    </p>
   </div>
   <div class='ocr_carea' id='block_1_8' title="bbox 655 1917 730 1976">
    <p class='ocr_par' dir='ltr' id='par_1_8' title="bbox 655 1917 730 1976">
     <span class='ocr_line' id='line_1_16' title="bbox 655 1917 730 1976; baseline 0 0"><span class='ocrx_word' id='word_1_94' title='bbox 655 1917 730 1976; x_wconf 83' lang='lat' dir='ltr'><strong>Vll]</strong></span> 
     </span>
    </p>
   </div>
   <div class='ocr_carea' id='block_1_9' title="bbox 188 2017 1204 2190">
    <p class='ocr_par' dir='ltr' id='par_1_9' title="bbox 188 2017 1204 2190">
     <span class='ocr_line' id='line_1_17' title="bbox 188 2017 1204 2106; baseline -0.002 -22"><span class='ocrx_word' id='word_1_95' title='bbox 188 2017 299 2084; x_wconf 69' lang='lat' dir='ltr'><strong>Iamne</strong></span> <span class='ocrx_word' id='word_1_96' title='bbox 330 2018 500 2083; x_wconf 76' lang='lat' dir='ltr'><strong>abierunt?</strong></span> <span class='ocrx_word' id='word_1_97' title='bbox 545 2019 609 2083; x_wconf 88' lang='lat' dir='ltr'><strong>ia‘m</strong></span> <span class='ocrx_word' id='word_1_98' title='bbox 639 2041 705 2084; x_wconf 91' lang='lat' dir='ltr'><strong>non</strong></span> <span class='ocrx_word' id='word_1_99' title='bbox 733 2019 896 2085; x_wconf 82' lang='lat' dir='ltr'><strong>tundunt?</strong></span> <span class='ocrx_word' id='word_1_100' title='bbox 941 2019 1047 2084; x_wconf 74' lang='lat' dir='ltr'><strong>iamne</strong></span> <span class='ocrx_word' id='word_1_101' title='bbox 1078 2041 1137 2106; x_wconf 81' lang='lat' dir='ltr'><strong>ego</strong></span> <span class='ocrx_word' id='word_1_102' title='bbox 1169 2020 1204 2083; x_wconf 92' lang='lat' dir='ltr'><strong>in</strong></span> 
     </span>
     <span class='ocr_line' id='line_1_18' title="bbox 828 2126 1025 2190; baseline 0.005 -1"><span class='ocrx_word' id='word_1_103' title='bbox 828 2127 901 2189; x_wconf 74' lang='lat' dir='ltr'><strong>tuto</strong></span> <span class='ocrx_word' id='word_1_104' title='bbox 924 2126 1025 2190; x_wconf 74' lang='lat' dir='ltr'><strong>satis?</strong></span> 
     </span>
    </p>
   </div>
   <div class='ocr_carea' id='block_1_10' title="bbox 188 2229 1205 2316">
    <p class='ocr_par' dir='ltr' id='par_1_10' title="bbox 188 2229 1205 2316">
     <span class='ocr_line' id='line_1_19' title="bbox 188 2229 1205 2316; baseline -0.003 -18"><span class='ocrx_word' id='word_1_105' title='bbox 188 2231 324 2316; x_wconf 74' lang='lat' dir='ltr'><strong>Nunqui</strong></span> <span class='ocrx_word' id='word_1_106' title='bbox 346 2230 399 2296; x_wconf 88' lang='lat' dir='ltr'><strong>hic</strong></span> <span class='ocrx_word' id='word_1_107' title='bbox 427 2231 567 2316; x_wconf 74' lang='lat' dir='ltr'><strong>restitit,</strong></span> <span class='ocrx_word' id='word_1_108' title='bbox 595 2233 651 2316; x_wconf 89' lang='lat' dir='ltr'><strong>qui</strong></span> <span class='ocrx_word' id='word_1_109' title='bbox 673 2231 815 2300; x_wconf 88' lang='lat' dir='ltr'><strong>nondum</strong></span> <span class='ocrx_word' id='word_1_110' title='bbox 839 2231 947 2296; x_wconf 75' lang='lat' dir='ltr'><strong>labeas</strong></span> <span class='ocrx_word' id='word_1_111' title='bbox 969 2231 1076 2296; x_wconf 85' lang='lat' dir='ltr'><strong>lirnrit</strong></span> <span class='ocrx_word' id='word_1_112' title='bbox 1098 2229 1205 2296; x_wconf 86' lang='lat' dir='ltr'><strong>mihi?</strong></span> 
     </span>
    </p>
   </div>
   <div class='ocr_carea' id='block_1_11' title="bbox 189 2351 1204 2634">
    <p class='ocr_par' dir='ltr' id='par_1_11' title="bbox 189 2351 1204 2634">
     <span class='ocr_line' id='line_1_20' title="bbox 260 2351 1204 2422; baseline 0 -16"><span class='ocrx_word' id='word_1_113' title='bbox 260 2353 456 2421; x_wconf 83' lang='lat' dir='ltr'><strong>Nonius18‚1</strong></span> <span class='ocrx_word' id='word_1_114' title='bbox 476 2352 639 2407; x_wconf 80' lang='lat' dir='ltr'><strong>‘delirare</strong></span> <span class='ocrx_word' id='word_1_115' title='bbox 658 2356 702 2407; x_wconf 90' lang='lat' dir='ltr'><strong>est</strong></span> <span class='ocrx_word' id='word_1_116' title='bbox 720 2353 755 2407; x_wconf 83' lang='lat' dir='ltr'><strong>de</strong></span> <span class='ocrx_word' id='word_1_117' title='bbox 773 2355 852 2407; x_wconf 88' lang='lat' dir='ltr'><strong>recto</strong></span> <span class='ocrx_word' id='word_1_118' title='bbox 869 2352 1016 2407; x_wconf 82' lang='lat' dir='ltr'>decedere:</span> <span class='ocrx_word' id='word_1_119' title='bbox 1036 2353 1108 2406; x_wconf 78' lang='lat' dir='ltr'><strong>lers’</strong></span> <span class='ocrx_word' id='word_1_120' title='bbox 1123 2351 1204 2422; x_wconf 84' lang='lat' dir='ltr'><strong>(lira</strong></span> 
     </span>
     <span class='ocr_line' id='line_1_21' title="bbox 189 2423 1203 2494; baseline -0.002 -16"><span class='ocrx_word' id='word_1_121' title='bbox 189 2425 312 2494; x_wconf 78' lang='lat' dir='ltr'><strong>BLMP)</strong></span> <span class='ocrx_word' id='word_1_122' title='bbox 337 2426 392 2479; x_wconf 87' lang='lat' dir='ltr'><strong>‘est</strong></span> <span class='ocrx_word' id='word_1_123' title='bbox 417 2427 512 2478; x_wconf 85' lang='lat' dir='ltr'><strong>autem</strong></span> <span class='ocrx_word' id='word_1_124' title='bbox 536 2424 613 2478; x_wconf 85' lang='lat' dir='ltr'><strong>fossa</strong></span> <span class='ocrx_word' id='word_1_125' title='bbox 637 2428 727 2493; x_wconf 88' lang='lat' dir='ltr'><strong>recta,</strong></span> <span class='ocrx_word' id='word_1_126' title='bbox 755 2441 828 2492; x_wconf 87' lang='lat' dir='ltr'><strong>quac</strong></span> <span class='ocrx_word' id='word_1_127' title='bbox 853 2427 951 2478; x_wconf 86' lang='lat' dir='ltr'><strong>contra</strong></span> <span class='ocrx_word' id='word_1_128' title='bbox 974 2441 1057 2494; x_wconf 82' lang='lat' dir='ltr'><strong>agros</strong></span> <span class='ocrx_word' id='word_1_129' title='bbox 1080 2423 1203 2478; x_wconf 86' lang='lat' dir='ltr'><strong>tuendos</strong></span> 
     </span>
     <span class='ocr_line' id='line_1_22' title="bbox 191 2495 1203 2566; baseline -0.003 -16"><span class='ocrx_word' id='word_1_130' title='bbox 191 2496 311 2563; x_wconf 78' lang='lat' dir='ltr'><strong>ducitur,</strong></span> <span class='ocrx_word' id='word_1_131' title='bbox 331 2495 407 2550; x_wconf 92' lang='lat' dir='ltr'><strong>etin</strong></span> <span class='ocrx_word' id='word_1_132' title='bbox 430 2513 515 2564; x_wconf 86' lang='lat' dir='ltr'><strong>quam</strong></span> <span class='ocrx_word' id='word_1_133' title='bbox 533 2495 611 2566; x_wconf 84' lang='lat' dir='ltr'><strong>uligo</strong></span> <span class='ocrx_word' id='word_1_134' title='bbox 630 2499 721 2550; x_wconf 87' lang='lat' dir='ltr'><strong>terrae</strong></span> <span class='ocrx_word' id='word_1_135' title='bbox 741 2495 870 2550; x_wconf 76' lang='lat' dir='ltr'><strong>decurrit.</strong></span> <span class='ocrx_word' id='word_1_136' title='bbox 907 2495 1078 2564; x_wconf 84' lang='lat' dir='ltr'><strong>Pomponius</strong></span> <span class='ocrx_word' id='word_1_137' title='bbox 1096 2495 1203 2548; x_wconf 87' lang='lat' dir='ltr'><strong>Prosti-</strong></span> 
     </span>
     <span class='ocr_line' id='line_1_23' title="bbox 190 2566 916 2634; baseline -0.001 -13"><span class='ocrx_word' id='word_1_138' title='bbox 190 2568 271 2623; x_wconf 89' lang='lat' dir='ltr'><strong>bulo:</strong></span> <span class='ocrx_word' id='word_1_139' title='bbox 292 2567 385 2621; x_wconf 89' lang='lat' dir='ltr'><strong>iamne</strong></span> <span class='ocrx_word' id='word_1_140' title='bbox 405 2611 410 2622; x_wconf 88' lang='lat'>.</span> <span class='ocrx_word' id='word_1_141' title='bbox 427 2610 433 2621; x_wconf 90' lang='lat'><strong>.</strong></span> <span class='ocrx_word' id='word_1_142' title='bbox 450 2610 455 2620; x_wconf 94' lang='lat'>.</span> <span class='ocrx_word' id='word_1_143' title='bbox 472 2611 477 2622; x_wconf 94' lang='lat'>.</span> <span class='ocrx_word' id='word_1_144' title='bbox 496 2566 584 2621; x_wconf 80' lang='lat' dir='ltr'><strong>mihi?</strong></span> <span class='ocrx_word' id='word_1_145' title='bbox 616 2566 646 2620; x_wconf 91' lang='lat' dir='ltr'><strong>id</strong></span> <span class='ocrx_word' id='word_1_146' title='bbox 665 2569 720 2634; x_wconf 76' lang='lat' dir='ltr'><strong>est,</strong></span> <span class='ocrx_word' id='word_1_147' title='bbox 740 2566 916 2621; x_wconf 64' lang='lat' dir='ltr'><strong>confoderit!</strong></span> 
     </span>
    </p>
   </div>
   <div class='ocr_carea' id='block_1_12' title="bbox 190 2671 1206 2814">
    <p class='ocr_par' dir='ltr' id='par_1_12' title="bbox 190 2671 1206 2814">
     <span class='ocr_line' id='line_1_24' title="bbox 263 2671 1204 2743; baseline -0.003 -16"><span class='ocrx_word' id='word_1_148' title='bbox 263 2681 349 2743; x_wconf 82' lang='lat' dir='ltr'><strong>lego</strong></span> <span class='ocrx_word' id='word_1_149' title='bbox 370 2673 481 2727; x_wconf 85' lang='lat' dir='ltr'><em>FH¹L</em></span> <span class='ocrx_word' id='word_1_150' title='bbox 504 2689 556 2742; x_wconf 83' lang='lat' dir='ltr'><strong>ego</strong></span> <span class='ocrx_word' id='word_1_151' title='bbox 580 2691 641 2726; x_wconf 90' lang='lat' dir='ltr'><strong>sum</strong></span> <span class='ocrx_word' id='word_1_152' title='bbox 664 2671 823 2728; x_wconf 79' lang='lat' dir='ltr'><strong>EH¹PW</strong></span> <span class='ocrx_word' id='word_1_153' title='bbox 842 2673 936 2726; x_wconf 76' lang='lat' dir='ltr'><strong>Vrbin.</strong></span> <span class='ocrx_word' id='word_1_154' title='bbox 952 2679 1004 2726; x_wconf 76' lang='lat'><strong>307</strong></span> <span class='ocrx_word' id='word_1_155' title='bbox 1095 2677 1110 2724; x_wconf 81' lang='lat'><strong>2</strong></span> <span class='ocrx_word' id='word_1_156' title='bbox 1132 2689 1204 2724; x_wconf 87' lang='lat' dir='ltr'><strong>nnu-</strong></span> 
     </span>
     <span class='ocr_line' id='line_1_25' title="bbox 190 2742 1206 2814; baseline -0.002 -14"><span class='ocrx_word' id='word_1_157' title='bbox 190 2745 253 2814; x_wconf 84' lang='lat' dir='ltr'><strong>quis</strong></span> <span class='ocrx_word' id='word_1_158' title='bbox 272 2765 293 2798; x_wconf 84' lang='grc' dir='ltr'><strong><em>ω</em></strong></span> <span class='ocrx_word' id='word_1_159' title='bbox 348 2744 461 2798; x_wconf 85' lang='lat' dir='ltr'><strong>restitut</strong></span> <span class='ocrx_word' id='word_1_160' title='bbox 478 2745 576 2813; x_wconf 75' lang='lat' dir='ltr'><strong>scripsi</strong></span> <span class='ocrx_word' id='word_1_161' title='bbox 593 2743 700 2798; x_wconf 87' lang='lat' dir='ltr'><strong>resistit</strong></span> <span class='ocrx_word' id='word_1_162' title='bbox 719 2765 740 2798; x_wconf 78' lang='grc' dir='ltr'>ω</span> <span class='ocrx_word' id='word_1_163' title='bbox 758 2747 849 2798; x_wconf 86' lang='lat' dir='ltr'><strong>restat</strong></span> <span class='ocrx_word' id='word_1_164' title='bbox 862 2745 981 2800; x_wconf 65' lang='lat' dir='ltr'><strong>Boetius</strong></span> <span class='ocrx_word' id='word_1_165' title='bbox 1033 2742 1131 2797; x_wconf 75' lang='lat' dir='ltr'><strong>lerant</strong></span> <span class='ocrx_word' id='word_1_166' title='bbox 1150 2743 1206 2798; x_wconf 86' lang='lat' dir='ltr'><strong>W¹</strong></span> 
     </span>
    </p>
   </div>
   <div class='ocr_carea' id='block_1_13' title="bbox 502 2964 890 3026">
    <p class='ocr_par' dir='ltr' id='par_1_13' title="bbox 502 2964 890 3026">
     <span class='ocr_line' id='line_1_26' title="bbox 502 2964 890 3026; baseline 0.003 -3"><span class='ocrx_word' id='word_1_167' title='bbox 502 2964 635 3025; x_wconf 87' lang='lat' dir='ltr'><strong>PYTHO</strong></span> <span class='ocrx_word' id='word_1_168' title='bbox 660 2964 869 3026; x_wconf 81' lang='lat' dir='ltr'><strong>GORGONIV</strong></span> <span class='ocrx_word' id='word_1_169' title='bbox 870 2965 890 3024; x_wconf 82' lang='lat' dir='ltr'>S</span> 
     </span>
    </p>
   </div>
   <div class='ocr_carea' id='block_1_14' title="bbox 189 3081 1208 3223">
    <p class='ocr_par' dir='ltr' id='par_1_14' title="bbox 189 3081 1208 3223">
     <span class='ocr_line' id='line_1_27' title="bbox 189 3081 1208 3208; baseline -0.002 -72"><span class='ocrx_word' id='word_1_170' title='bbox 189 3153 221 3208; x_wconf 62' lang='lat' dir='ltr'><strong>ki</strong></span> <span class='ocrx_word' id='word_1_171' title='bbox 262 3081 389 3207; x_wconf 69' lang='lat' dir='ltr'><strong>Titpllum</strong></span> <span class='ocrx_word' id='word_1_172' title='bbox 407 3081 465 3135; x_wconf 88' lang='lat' dir='ltr'><strong>iam</strong></span> <span class='ocrx_word' id='word_1_173' title='bbox 480 3081 604 3152; x_wconf 76' lang='lat' dir='ltr'><strong>Scaliger</strong></span> <span class='ocrx_word' id='word_1_174' title='bbox 623 3085 668 3136; x_wconf 86' lang='lat' dir='ltr'><strong>sat</strong></span> <span class='ocrx_word' id='word_1_175' title='bbox 683 3081 870 3152; x_wconf 77' lang='lat' dir='ltr'><strong>probabiliter</strong></span> <span class='ocrx_word' id='word_1_176' title='bbox 888 3081 1053 3151; x_wconf 71' lang='lat' dir='ltr'><strong>explicavit:</strong></span> <span class='ocrx_word' id='word_1_177' title='bbox 1072 3081 1107 3136; x_wconf 84' lang='lat' dir='ltr'><strong>cf.</strong></span> <span class='ocrx_word' id='word_1_178' title='bbox 1122 3081 1208 3134; x_wconf 86' lang='lat' dir='ltr'><strong>Mun·</strong></span> 
     </span>
     <span class='ocr_line' id='line_1_28' title="bbox 221 3171 357 3223; baseline 0.007 -16"><span class='ocrx_word' id='word_1_179' title='bbox 221 3171 254 3208; x_wconf 89' lang='lat' dir='ltr'><strong>us</strong></span> <span class='ocrx_word' id='word_1_180' title='bbox 272 3172 299 3223; x_wconf 92' lang='lat' dir='ltr'><strong>p.</strong></span> <span class='ocrx_word' id='word_1_181' title='bbox 352 3197 357 3208; x_wconf 94' lang='lat'>.</span> 
     </span>
    </p>
   </div>
   <div class='ocr_carea' id='block_1_15' title="bbox 189 3278 1181 3366">
    <p class='ocr_par' dir='ltr' id='par_1_15' title="bbox 189 3278 1181 3366">
     <span class='ocr_line' id='line_1_29' title="bbox 189 3278 1181 3366; baseline -0.002 -20"><span class='ocrx_word' id='word_1_182' title='bbox 189 3279 229 3346; x_wconf 82' lang='lat'><strong>&#39;0</strong></span> <span class='ocrx_word' id='word_1_183' title='bbox 250 3280 415 3345; x_wconf 90' lang='lat' dir='ltr'><strong>hominem</strong></span> <span class='ocrx_word' id='word_1_184' title='bbox 438 3280 582 3365; x_wconf 74' lang='lat' dir='ltr'><strong>beatum,</strong></span> <span class='ocrx_word' id='word_1_185' title='bbox 611 3303 674 3366; x_wconf 93' lang='lat' dir='ltr'><strong>quo</strong></span> <span class='ocrx_word' id='word_1_186' title='bbox 698 3281 772 3345; x_wconf 84' lang='lat' dir='ltr'><strong>illae</strong></span> <span class='ocrx_word' id='word_1_187' title='bbox 795 3281 1011 3364; x_wconf 75' lang='lat' dir='ltr'><strong>peruenibunt</strong></span> <span class='ocrx_word' id='word_1_188' title='bbox 1034 3278 1181 3344; x_wconf 82' lang='lat' dir='ltr'><strong>‹h&#39;uitiael</strong></span> 
     </span>
    </p>
   </div>
   <div class='ocr_carea' id='block_1_16' title="bbox 189 3400 1206 3613">
    <p class='ocr_par' dir='ltr' id='par_1_16' title="bbox 189 3400 1206 3613">
     <span class='ocr_line' id='line_1_30' title="bbox 261 3400 1206 3472; baseline -0.001 -17"><span class='ocrx_word' id='word_1_189' title='bbox 261 3401 370 3455; x_wconf 87' lang='lat' dir='ltr'><strong>Nonius</strong></span> <span class='ocrx_word' id='word_1_190' title='bbox 385 3405 445 3471; x_wconf 83' lang='lat'>508,</span> <span class='ocrx_word' id='word_1_191' title='bbox 459 3408 477 3455; x_wconf 83' lang='lat'>4</span> <span class='ocrx_word' id='word_1_192' title='bbox 493 3401 741 3471; x_wconf 79' lang='lat' dir='ltr'><strong>‘peruenibnnt</strong></span> <span class='ocrx_word' id='word_1_193' title='bbox 774 3402 944 3472; x_wconf 87' lang='lat' dir='ltr'><strong>Pomponius</strong></span> <span class='ocrx_word' id='word_1_194' title='bbox 958 3401 1105 3456; x_wconf 89' lang='lat' dir='ltr'><strong>Pintcne</strong></span> <span class='ocrx_word' id='word_1_195' title='bbox 1120 3400 1206 3456; x_wconf 79' lang='lat' dir='ltr'><strong>Gor-</strong></span> 
     </span>
     <span class='ocr_line' id='line_1_31' title="bbox 190 3471 1158 3544; baseline -0.001 -18"><span class='ocrx_word' id='word_1_196' title='bbox 190 3471 307 3544; x_wconf 83' lang='lat' dir='ltr'><strong>gonio:</strong></span> <span class='ocrx_word' id='word_1_197' title='bbox 326 3472 479 3526; x_wconf 90' lang='lat' dir='ltr'><strong>hominem&#39;</strong></span> <span class='ocrx_word' id='word_1_198' title='bbox 496 3489 518 3527; x_wconf 93' lang='lat' dir='ltr'><strong>e.</strong></span> <span class='ocrx_word' id='word_1_199' title='bbox 534 3491 559 3540; x_wconf 93' lang='lat' dir='ltr'><strong>q.</strong></span> <span class='ocrx_word' id='word_1_200' title='bbox 575 3490 595 3527; x_wconf 88' lang='lat' dir='ltr'><strong>s.</strong></span> <span class='ocrx_word' id='word_1_201' title='bbox 615 3473 778 3541; x_wconf 83' lang='lat' dir='ltr'><strong>(Pythone</strong></span> <span class='ocrx_word' id='word_1_202' title='bbox 794 3473 919 3544; x_wconf 78' lang='lat' dir='ltr'><strong>Scaliger</strong></span> <span class='ocrx_word' id='word_1_203' title='bbox 965 3472 1120 3543; x_wconf 80' lang='lat' dir='ltr'><strong>Gorgone</strong></span> <span class='ocrx_word' id='word_1_204' title='bbox 1139 3489 1158 3525; x_wconf 87' lang='lat' dir='ltr'>x</span> 
     </span>
     <span class='ocr_line' id='line_1_32' title="bbox 189 3542 659 3613; baseline -0.006 -15"><span class='ocrx_word' id='word_1_205' title='bbox 189 3543 412 3613; x_wconf 79' lang='lat' dir='ltr'><strong>Pythogorgo</strong></span> <span class='ocrx_word' id='word_1_206' title='bbox 432 3542 503 3597; x_wconf 90' lang='lat' dir='ltr'><strong>coni.</strong></span> <span class='ocrx_word' id='word_1_207' title='bbox 518 3542 659 3613; x_wconf 84' lang='lat' dir='ltr'><strong>Hertzius)</strong></span> 
     </span>
    </p>
   </div>
   <div class='ocr_carea' id='block_1_17' title="bbox 0 0 1349 3908">
    <p class='ocr_par' dir='ltr' id='par_1_17' title="bbox 0 0 1349 3908">
     <span class='ocr_line' id='line_1_33' title="bbox 0 0 1349 3908; baseline 0 0"><span class='ocrx_word' id='word_1_208' title='bbox 0 0 1349 3908; x_wconf 95' lang='lat' dir='ltr'><strong> </strong></span> 
     </span>
    </p>
   </div>
  </div>
 </body>
</html>
