<?xml version="1.0" encoding="UTF-8"?>
<!DOCTYPE html PUBLIC "-//W3C//DTD XHTML 1.0 Transitional//EN"
    "http://www.w3.org/TR/xhtml1/DTD/xhtml1-transitional.dtd">
<html xmlns="http://www.w3.org/1999/xhtml" xml:lang="en" lang="en">
 <head>
  <title>
</title>
<meta http-equiv="Content-Type" content="text/html;charset=utf-8" />
  <meta name='ocr-system' content='tesseract 3.04.00' />
  <meta name='ocr-capabilities' content='ocr_page ocr_carea ocr_par ocr_line ocrx_word'/>
</head>
<body>
  <div class='ocr_page' id='page_1' title='image "./scaenicaeromano07ribbgoog_0061.png"; bbox 0 0 2666 3914; ppageno 0'>
   <div class='ocr_carea' id='block_1_1' title="bbox 521 181 875 238">
    <p class='ocr_par' dir='ltr' id='par_1_1' title="bbox 521 181 875 238">
     <span class='ocr_line' id='line_1_1' title="bbox 521 181 875 238; baseline 0 0"><span class='ocrx_word' id='word_1_1' title='bbox 521 181 705 238; x_wconf 83' lang='lat' dir='ltr'><strong>CAEClLIVS</strong></span> <span class='ocrx_word' id='word_1_2' title='bbox 724 181 855 238; x_wconf 84' lang='lat' dir='ltr'>STATIV</span> <span class='ocrx_word' id='word_1_3' title='bbox 857 183 875 238; x_wconf 84' lang='lat' dir='ltr'>S</span> 
     </span>
    </p>
   </div>
   <div class='ocr_carea' id='block_1_2' title="bbox 614 403 854 476">
    <p class='ocr_par' dir='ltr' id='par_1_2' title="bbox 614 403 854 476">
     <span class='ocr_line' id='line_1_2' title="bbox 614 403 854 476; baseline 0.008 -14"><span class='ocrx_word' id='word_1_4' title='bbox 614 403 854 476; x_wconf 45' lang='grc' dir='ltr'><strong>0111111οἸ11Ὶ</strong></span> 
     </span>
    </p>
   </div>
   <div class='ocr_carea' id='block_1_3' title="bbox 193 519 1206 876">
    <p class='ocr_par' dir='ltr' id='par_1_3' title="bbox 193 519 1206 876">
     <span class='ocr_line' id='line_1_3' title="bbox 263 519 1206 590; baseline 0.001 -16"><span class='ocrx_word' id='word_1_5' title='bbox 263 519 307 574; x_wconf 80' lang='lat' dir='ltr'><strong>Fr,</strong></span> <span class='ocrx_word' id='word_1_6' title='bbox 322 520 336 574; x_wconf 96' lang='lat' dir='ltr'>I</span> <span class='ocrx_word' id='word_1_7' title='bbox 353 519 473 584; x_wconf 83' lang='lat' dir='ltr'><strong>fortasse</strong></span> <span class='ocrx_word' id='word_1_8' title='bbox 492 520 529 574; x_wconf 89' lang='lat' dir='ltr'><strong>ad</strong></span> <span class='ocrx_word' id='word_1_9' title='bbox 548 520 667 574; x_wconf 90' lang='lat' dir='ltr'><strong>eundem</strong></span> <span class='ocrx_word' id='word_1_10' title='bbox 685 536 780 574; x_wconf 87' lang='lat' dir='ltr'><strong>senem</strong></span> <span class='ocrx_word' id='word_1_11' title='bbox 795 519 971 574; x_wconf 85' lang='lat' dir='ltr'><strong>referendum</strong></span> <span class='ocrx_word' id='word_1_12' title='bbox 984 522 1035 590; x_wconf 82' lang='lat' dir='ltr'><strong>est,</strong></span> <span class='ocrx_word' id='word_1_13' title='bbox 1055 521 1090 574; x_wconf 91' lang='lat' dir='ltr'><strong>de</strong></span> <span class='ocrx_word' id='word_1_14' title='bbox 1103 537 1159 589; x_wconf 92' lang='lat' dir='ltr'><strong>quo</strong></span> <span class='ocrx_word' id='word_1_15' title='bbox 1172 521 1206 575; x_wconf 92' lang='lat' dir='ltr'><strong>in</strong></span> 
     </span>
     <span class='ocr_line' id='line_1_4' title="bbox 193 589 1205 661; baseline 0.002 -17"><span class='ocrx_word' id='word_1_16' title='bbox 193 589 359 660; x_wconf 83' lang='lat' dir='ltr'><strong>cognomine</strong></span> <span class='ocrx_word' id='word_1_17' title='bbox 376 590 524 646; x_wconf 80' lang='lat' dir='ltr'><strong>Menandri</strong></span> <span class='ocrx_word' id='word_1_18' title='bbox 547 590 646 644; x_wconf 84' lang='lat' dir='ltr'><strong>fabula</strong></span> <span class='ocrx_word' id='word_1_19' title='bbox 663 595 788 646; x_wconf 72' lang='grc' dir='ltr'><strong><em>Χαλκεῖα</em></strong></span> <span class='ocrx_word' id='word_1_20' title='bbox 810 591 881 646; x_wconf 86' lang='lat' dir='ltr'><strong>haec</strong></span> <span class='ocrx_word' id='word_1_21' title='bbox 899 591 957 661; x_wconf 87' lang='grc' dir='ltr'>(ΠΙ)</span> <span class='ocrx_word' id='word_1_22' title='bbox 980 591 1123 647; x_wconf 87' lang='lat' dir='ltr'><strong>dicuntur:</strong></span> <span class='ocrx_word' id='word_1_23' title='bbox 1151 593 1205 647; x_wconf 78' lang='grc' dir='ltr'><strong>οὐκ</strong></span> 
     </span>
     <span class='ocr_line' id='line_1_5' title="bbox 194 659 1206 734; baseline 0.002 -18"><span class='ocrx_word' id='word_1_24' title='bbox 194 659 231 716; x_wconf 81' lang='grc' dir='ltr'><strong>ἂν</strong></span> <span class='ocrx_word' id='word_1_25' title='bbox 255 659 358 732; x_wconf 76' lang='grc' dir='ltr'><strong><em>γένοιτ’</em></strong></span> <span class='ocrx_word' id='word_1_26' title='bbox 384 661 501 726; x_wconf 74' lang='grc' dir='ltr'><strong><em>ἐῶντος</em></strong></span> <span class='ocrx_word' id='word_1_27' title='bbox 528 663 702 732; x_wconf 74' lang='grc' dir='ltr'><strong><em>ἀθλιώτερον</em></strong></span> <span class='ocrx_word' id='word_1_28' title='bbox 733 661 828 732; x_wconf 61' lang='grc' dir='ltr'><em>Οὐδὲν</em></span> <span class='ocrx_word' id='word_1_29' title='bbox 854 661 985 734; x_wconf 71' lang='grc' dir='ltr'><strong><em>γέροντος</em></strong></span> <span class='ocrx_word' id='word_1_30' title='bbox 1011 662 1084 732; x_wconf 77' lang='grc' dir='ltr'><strong><em>πλὴν</em></strong></span> <span class='ocrx_word' id='word_1_31' title='bbox 1111 661 1206 732; x_wconf 76' lang='grc' dir='ltr'><strong><em>ἔτερος</em></strong></span> 
     </span>
     <span class='ocr_line' id='line_1_6' title="bbox 193 728 1205 806; baseline 0.003 -19"><span class='ocrx_word' id='word_1_32' title='bbox 193 730 283 803; x_wconf 68' lang='grc' dir='ltr'><strong><em>γέρων</em></strong></span> <span class='ocrx_word' id='word_1_33' title='bbox 301 732 384 802; x_wconf 74' lang='grc' dir='ltr'><strong><em>ἐρῶν·</em></strong></span> <span class='ocrx_word' id='word_1_34' title='bbox 437 755 451 797; x_wconf 88' lang='grc' dir='ltr'><strong><em>ς</em></strong></span> <span class='ocrx_word' id='word_1_35' title='bbox 468 733 523 803; x_wconf 77' lang='grc' dir='ltr'><strong>γὰρ</strong></span> <span class='ocrx_word' id='word_1_36' title='bbox 537 732 691 788; x_wconf 71' lang='grc' dir='ltr'><em>ἀπολαύειν</em></span> <span class='ocrx_word' id='word_1_37' title='bbox 705 731 822 806; x_wconf 71' lang='grc' dir='ltr'><strong>βούλεθ’</strong></span> <span class='ocrx_word' id='word_1_38' title='bbox 835 728 874 789; x_wconf 77' lang='grc' dir='ltr'><strong>ὧν</strong></span> <span class='ocrx_word' id='word_1_39' title='bbox 888 730 1069 788; x_wconf 75' lang='grc' dir='ltr'><strong><em>ἀπολείπεται</em></strong></span> <span class='ocrx_word' id='word_1_40' title='bbox 1083 733 1140 788; x_wconf 80' lang='grc' dir='ltr'><strong>Διὰ</strong></span> <span class='ocrx_word' id='word_1_41' title='bbox 1153 734 1205 790; x_wconf 74' lang='grc' dir='ltr'><strong>τὸν</strong></span> 
     </span>
     <span class='ocr_line' id='line_1_7' title="bbox 193 799 754 876; baseline 0 -18"><span class='ocrx_word' id='word_1_42' title='bbox 193 801 304 876; x_wconf 75' lang='grc' dir='ltr'><strong><em>χρόνον,</em></strong></span> <span class='ocrx_word' id='word_1_43' title='bbox 321 813 381 868; x_wconf 79' lang='grc' dir='ltr'><strong>πῶς</strong></span> <span class='ocrx_word' id='word_1_44' title='bbox 399 799 480 868; x_wconf 77' lang='grc' dir='ltr'><strong><em>οὗτος</em></strong></span> <span class='ocrx_word' id='word_1_45' title='bbox 498 805 550 858; x_wconf 75' lang='grc' dir='ltr'><strong>οὐκ</strong></span> <span class='ocrx_word' id='word_1_46' title='bbox 569 801 624 858; x_wconf 76' lang='grc' dir='ltr'><strong><em>ἔστ’</em></strong></span> <span class='ocrx_word' id='word_1_47' title='bbox 642 803 754 872; x_wconf 52' lang='lat' dir='ltr'><strong>idicem</strong></span> 
     </span>
    </p>
   </div>
   <div class='ocr_carea' id='block_1_4' title="bbox 141 954 969 1150">
    <p class='ocr_par' dir='ltr' id='par_1_4' title="bbox 141 954 969 1150">
     <span class='ocr_line' id='line_1_8' title="bbox 693 954 709 1012; baseline 0 0"><span class='ocrx_word' id='word_1_48' title='bbox 693 954 709 1012; x_wconf 96' lang='grc' dir='ltr'><strong>Ι</strong></span> 
     </span>
     <span class='ocr_line' id='line_1_9' title="bbox 141 1025 969 1150; baseline -0.01 -28"><span class='ocrx_word' id='word_1_49' title='bbox 141 1029 175 1150; x_wconf 60' lang='lat' dir='ltr'><strong>{g</strong></span> <span class='ocrx_word' id='word_1_50' title='bbox 195 1052 253 1120; x_wconf 82' lang='lat' dir='ltr'><strong>Sat</strong></span> <span class='ocrx_word' id='word_1_51' title='bbox 274 1053 328 1120; x_wconf 83' lang='lat' dir='ltr'><strong>hic</strong></span> <span class='ocrx_word' id='word_1_52' title='bbox 350 1055 477 1120; x_wconf 89' lang='lat' dir='ltr'><strong>uicinus</strong></span> <span class='ocrx_word' id='word_1_53' title='bbox 499 1055 566 1140; x_wconf 87' lang='lat' dir='ltr'><strong>†se</strong></span> <span class='ocrx_word' id='word_1_54' title='bbox 588 1077 623 1120; x_wconf 86' lang='lat' dir='ltr'><strong>aa</strong></span> <span class='ocrx_word' id='word_1_55' title='bbox 644 1055 821 1141; x_wconf 77' lang='lat' dir='ltr'><strong>peperisset</strong></span> <span class='ocrx_word' id='word_1_56' title='bbox 842 1025 969 1140; x_wconf 82' lang='lat' dir='ltr'><strong>†uobis</strong></span> 
     </span>
    </p>
   </div>
   <div class='ocr_carea' id='block_1_5' title="bbox 147 1175 1208 1744">
    <p class='ocr_par' dir='ltr' id='par_1_5' title="bbox 193 1175 1208 1671">
     <span class='ocr_line' id='line_1_10' title="bbox 264 1175 1205 1246; baseline 0.004 -18"><span class='ocrx_word' id='word_1_57' title='bbox 264 1175 497 1246; x_wconf 79' lang='grc' dir='ltr'>Νο111111464,22</span> <span class='ocrx_word' id='word_1_58' title='bbox 517 1177 652 1246; x_wconf 81' lang='lat' dir='ltr'><strong>‘parere</strong></span> <span class='ocrx_word' id='word_1_59' title='bbox 676 1175 763 1230; x_wconf 86' lang='lat' dir='ltr'><strong>etiam</strong></span> <span class='ocrx_word' id='word_1_60' title='bbox 785 1175 862 1231; x_wconf 88' lang='lat' dir='ltr'><strong>uiros</strong></span> <span class='ocrx_word' id='word_1_61' title='bbox 885 1175 942 1231; x_wconf 92' lang='lat' dir='ltr'><strong>dici</strong></span> <span class='ocrx_word' id='word_1_62' title='bbox 963 1193 1046 1246; x_wconf 84' lang='lat' dir='ltr'><strong>posse</strong></span> <span class='ocrx_word' id='word_1_63' title='bbox 1064 1175 1205 1232; x_wconf 78' lang='lat' dir='ltr'><strong>Caecilius</strong></span> 
     </span>
     <span class='ocr_line' id='line_1_11' title="bbox 194 1245 1206 1318; baseline 0.003 -18"><span class='ocrx_word' id='word_1_64' title='bbox 194 1248 292 1300; x_wconf 87' lang='lat' dir='ltr'><strong>auctor</strong></span> <span class='ocrx_word' id='word_1_65' title='bbox 306 1249 349 1300; x_wconf 85' lang='lat' dir='ltr'><strong>est</strong></span> <span class='ocrx_word' id='word_1_66' title='bbox 363 1245 497 1302; x_wconf 81' lang='lat' dir='ltr'><strong>Ohalciis:</strong></span> <span class='ocrx_word' id='word_1_67' title='bbox 517 1247 572 1300; x_wconf 82' lang='lat' dir='ltr'><strong>s‘at’</strong></span> <span class='ocrx_word' id='word_1_68' title='bbox 588 1263 648 1316; x_wconf 83' lang='lat' dir='ltr'><strong>eq.</strong></span> <span class='ocrx_word' id='word_1_69' title='bbox 660 1265 681 1302; x_wconf 88' lang='lat' dir='ltr'><strong>s.</strong></span> <span class='ocrx_word' id='word_1_70' title='bbox 708 1247 827 1302; x_wconf 86' lang='lat' dir='ltr'><strong>‘dietum</strong></span> <span class='ocrx_word' id='word_1_71' title='bbox 839 1247 871 1302; x_wconf 92' lang='lat' dir='ltr'><strong>id</strong></span> <span class='ocrx_word' id='word_1_72' title='bbox 884 1248 1037 1318; x_wconf 89' lang='lat' dir='ltr'><strong>prudenter</strong></span> <span class='ocrx_word' id='word_1_73' title='bbox 1050 1250 1080 1303; x_wconf 92' lang='lat' dir='ltr'><strong>et</strong></span> <span class='ocrx_word' id='word_1_74' title='bbox 1092 1251 1206 1303; x_wconf 89' lang='lat' dir='ltr'><strong>mutua·</strong></span> 
     </span>
     <span class='ocr_line' id='line_1_12' title="bbox 193 1317 1207 1390; baseline 0.005 -20"><span class='ocrx_word' id='word_1_75' title='bbox 193 1319 255 1370; x_wconf 89' lang='lat' dir='ltr'><strong>tum</strong></span> <span class='ocrx_word' id='word_1_76' title='bbox 282 1317 318 1370; x_wconf 90' lang='lat' dir='ltr'><strong>ab</strong></span> <span class='ocrx_word' id='word_1_77' title='bbox 346 1317 480 1373; x_wconf 83' lang='lat' dir='ltr'><strong>Homero:</strong></span> <span class='ocrx_word' id='word_1_78' title='bbox 512 1317 602 1388; x_wconf 77' lang='grc' dir='ltr'><strong><em>αὐτὰρ</em></strong></span> <span class='ocrx_word' id='word_1_79' title='bbox 631 1322 757 1381; x_wconf 77' lang='grc' dir='ltr'><strong><em>Γλαῦκος</em></strong></span> <span class='ocrx_word' id='word_1_80' title='bbox 785 1318 891 1374; x_wconf 77' lang='grc' dir='ltr'><strong>ἔτικτεν</strong></span> <span class='ocrx_word' id='word_1_81' title='bbox 918 1319 1048 1390; x_wconf 58' lang='grc' dir='ltr'><em>ἀμύμονα</em></span> <span class='ocrx_word' id='word_1_82' title='bbox 1075 1321 1207 1390; x_wconf 72' lang='grc' dir='ltr'><strong><em>Βελλερο-</em></strong></span> 
     </span>
     <span class='ocr_line' id='line_1_13' title="bbox 194 1384 1206 1460; baseline 0.002 -18"><span class='ocrx_word' id='word_1_83' title='bbox 194 1384 322 1457; x_wconf 59' lang='grc' dir='ltr'><strong><em>φόντην)</em></strong></span> <span class='ocrx_word' id='word_1_84' title='bbox 362 1387 525 1458; x_wconf 81' lang='lat' dir='ltr'><strong>(Chalciis</strong></span> <span class='ocrx_word' id='word_1_85' title='bbox 544 1389 710 1460; x_wconf 84' lang='lat' dir='ltr'><strong>Spengelius</strong></span> <span class='ocrx_word' id='word_1_86' title='bbox 733 1389 870 1444; x_wconf 81' lang='lat' dir='ltr'><strong>Calchis</strong></span> <span class='ocrx_word' id='word_1_87' title='bbox 893 1389 961 1444; x_wconf 87' lang='lat' dir='ltr'><strong>libri</strong></span> <span class='ocrx_word' id='word_1_88' title='bbox 1017 1389 1147 1444; x_wconf 89' lang='lat' dir='ltr'><strong>dictum</strong></span> <span class='ocrx_word' id='word_1_89' title='bbox 1169 1390 1206 1444; x_wconf 92' lang='lat' dir='ltr'><strong>id</strong></span> 
     </span>
     <span class='ocr_line' id='line_1_14' title="bbox 193 1457 1207 1528; baseline 0.005 -18"><span class='ocrx_word' id='word_1_90' title='bbox 193 1457 382 1528; x_wconf 77' lang='lat' dir='ltr'><strong>prudenter</strong></span> <span class='ocrx_word' id='word_1_91' title='bbox 409 1462 443 1513; x_wconf 92' lang='lat' dir='ltr'><strong>et</strong></span> <span class='ocrx_word' id='word_1_92' title='bbox 464 1463 655 1514; x_wconf 89' lang='lat' dir='ltr'><strong>mutuatum</strong></span> <span class='ocrx_word' id='word_1_93' title='bbox 678 1460 831 1515; x_wconf 83' lang='lat' dir='ltr'><strong>Grauertus</strong></span> <span class='ocrx_word' id='word_1_94' title='bbox 854 1461 936 1516; x_wconf 85' lang='lat' dir='ltr'><strong>Anal.</strong></span> <span class='ocrx_word' id='word_1_95' title='bbox 952 1466 1003 1514; x_wconf 91' lang='lat'><strong>111</strong></span> <span class='ocrx_word' id='word_1_96' title='bbox 1027 1461 1148 1516; x_wconf 89' lang='lat' dir='ltr'><strong>datum</strong></span> <span class='ocrx_word' id='word_1_97' title='bbox 1170 1461 1207 1515; x_wconf 90' lang='lat' dir='ltr'><strong>id</strong></span> 
     </span>
     <span class='ocr_line' id='line_1_15' title="bbox 193 1529 1206 1602; baseline 0.001 -20"><span class='ocrx_word' id='word_1_98' title='bbox 193 1529 363 1598; x_wconf 75' lang='lat' dir='ltr'><strong>prudente</strong></span> <span class='ocrx_word' id='word_1_99' title='bbox 385 1533 577 1584; x_wconf 88' lang='lat' dir='ltr'><strong>mutuatum</strong></span> <span class='ocrx_word' id='word_1_100' title='bbox 599 1531 666 1586; x_wconf 87' lang='lat' dir='ltr'><strong>libri</strong></span> <span class='ocrx_word' id='word_1_101' title='bbox 720 1533 843 1587; x_wconf 87' lang='lat' dir='ltr'><strong>datum.</strong></span> <span class='ocrx_word' id='word_1_102' title='bbox 875 1533 912 1586; x_wconf 94' lang='lat' dir='ltr'><strong>Id</strong></span> <span class='ocrx_word' id='word_1_103' title='bbox 929 1532 1118 1602; x_wconf 86' lang='lat' dir='ltr'><strong>prudenter</strong></span> <span class='ocrx_word' id='word_1_104' title='bbox 1135 1550 1206 1586; x_wconf 60' lang='lat' dir='ltr'><strong>mu,</strong></span> 
     </span>
     <span class='ocr_line' id='line_1_16' title="bbox 194 1601 1208 1671; baseline 0.005 -18"><span class='ocrx_word' id='word_1_105' title='bbox 194 1601 340 1669; x_wconf 77' lang='lat' dir='ltr'><strong>tratum,</strong></span> <span class='ocrx_word' id='word_1_106' title='bbox 359 1602 393 1654; x_wconf 91' lang='lat' dir='ltr'><strong>ut</strong></span> <span class='ocrx_word' id='word_1_107' title='bbox 410 1601 526 1655; x_wconf 90' lang='lat' dir='ltr'><strong>datum</strong></span> <span class='ocrx_word' id='word_1_108' title='bbox 539 1601 655 1656; x_wconf 77' lang='lat' dir='ltr'><strong>Caecilii</strong></span> <span class='ocrx_word' id='word_1_109' title='bbox 669 1605 751 1671; x_wconf 78' lang='lat' dir='ltr'><strong>esset,</strong></span> <span class='ocrx_word' id='word_1_110' title='bbox 765 1602 891 1657; x_wconf 91' lang='lat' dir='ltr'><strong>Bothius.</strong></span> <span class='ocrx_word' id='word_1_111' title='bbox 928 1603 1051 1658; x_wconf 91' lang='lat' dir='ltr'><strong>datum.</strong></span> <span class='ocrx_word' id='word_1_112' title='bbox 1070 1603 1208 1658; x_wconf 85' lang='lat' dir='ltr'><strong>Dictum</strong></span> 
     </span>
    </p>

    <p class='ocr_par' dir='ltr' id='par_1_6' title="bbox 147 1670 812 1744">
     <span class='ocr_line' id='line_1_17' title="bbox 147 1670 812 1744; baseline 0.009 -20"><span class='ocrx_word' id='word_1_113' title='bbox 147 1708 150 1714; x_wconf 81' lang='lat'>·</span> <span class='ocrx_word' id='word_1_114' title='bbox 194 1670 230 1724; x_wconf 85' lang='lat' dir='ltr'><strong>id</strong></span> <span class='ocrx_word' id='word_1_115' title='bbox 247 1671 435 1741; x_wconf 89' lang='lat' dir='ltr'><strong>prudenter</strong></span> <span class='ocrx_word' id='word_1_116' title='bbox 453 1675 487 1726; x_wconf 91' lang='lat' dir='ltr'><strong>et</strong></span> <span class='ocrx_word' id='word_1_117' title='bbox 503 1675 620 1727; x_wconf 86' lang='lat' dir='ltr'><strong>natum</strong></span> <span class='ocrx_word' id='word_1_118' title='bbox 639 1673 812 1744; x_wconf 80' lang='lat' dir='ltr'><strong>Spengelius.</strong></span> 
     </span>
    </p>
   </div>
   <div class='ocr_carea' id='block_1_6' title="bbox 194 1776 1207 2205">
    <p class='ocr_par' dir='ltr' id='par_1_7' title="bbox 195 1776 1207 2064">
     <span class='ocr_line' id='line_1_18' title="bbox 266 1776 1207 1837; baseline 0.002 -5"><span class='ocrx_word' id='word_1_119' title='bbox 266 1776 308 1832; x_wconf 88' lang='lat' dir='ltr'><strong>ait</strong></span> <span class='ocrx_word' id='word_1_120' title='bbox 325 1777 372 1832; x_wconf 91' lang='lat' dir='ltr'><strong>hic</strong></span> <span class='ocrx_word' id='word_1_121' title='bbox 391 1777 546 1834; x_wconf 74' lang='lat' dir='ltr'><strong>Grouertcs</strong></span> <span class='ocrx_word' id='word_1_122' title='bbox 568 1777 611 1833; x_wconf 89' lang='lat' dir='ltr'><strong>ait</strong></span> <span class='ocrx_word' id='word_1_123' title='bbox 628 1779 771 1835; x_wconf 80' lang='lat' dir='ltr'><strong>Berctleius</strong></span> <span class='ocrx_word' id='word_1_124' title='bbox 825 1796 854 1834; x_wconf 87' lang='lat' dir='ltr'><strong>se</strong></span> <span class='ocrx_word' id='word_1_125' title='bbox 873 1796 921 1834; x_wconf 83' lang='lat' dir='ltr'><strong>eas</strong></span> <span class='ocrx_word' id='word_1_126' title='bbox 939 1781 1083 1837; x_wconf 71' lang='lat' dir='ltr'><strong>Bentleius</strong></span> <span class='ocrx_word' id='word_1_127' title='bbox 1105 1797 1135 1834; x_wconf 92' lang='lat' dir='ltr'><strong>se</strong></span> <span class='ocrx_word' id='word_1_128' title='bbox 1152 1781 1207 1835; x_wconf 88' lang='lat' dir='ltr'><strong>has</strong></span> 
     </span>
     <span class='ocr_line' id='line_1_19' title="bbox 195 1849 1206 1922; baseline 0.006 -20"><span class='ocrx_word' id='word_1_129' title='bbox 195 1849 258 1904; x_wconf 81' lang='lat' dir='ltr'><strong>Rue</strong></span> <span class='ocrx_word' id='word_1_130' title='bbox 276 1865 324 1903; x_wconf 86' lang='lat' dir='ltr'><strong>eas</strong></span> <span class='ocrx_word' id='word_1_131' title='bbox 338 1850 380 1904; x_wconf 82' lang='lat' dir='ltr'><strong>vel</strong></span> <span class='ocrx_word' id='word_1_132' title='bbox 394 1851 489 1904; x_wconf 89' lang='lat' dir='ltr'><strong>autem</strong></span> <span class='ocrx_word' id='word_1_133' title='bbox 502 1851 716 1907; x_wconf 77' lang='lat' dir='ltr'><strong>eas&#39;Grauertus</strong></span> <span class='ocrx_word' id='word_1_134' title='bbox 734 1867 833 1905; x_wconf 85' lang='lat' dir='ltr'><strong>saeuas</strong></span> <span class='ocrx_word' id='word_1_135' title='bbox 851 1853 894 1906; x_wconf 84' lang='lat' dir='ltr'><strong>ret</strong></span> <span class='ocrx_word' id='word_1_136' title='bbox 907 1867 1002 1906; x_wconf 85' lang='lat' dir='ltr'><strong>seruas</strong></span> <span class='ocrx_word' id='word_1_137' title='bbox 1017 1853 1099 1907; x_wconf 85' lang='lat' dir='ltr'><strong>latere</strong></span> <span class='ocrx_word' id='word_1_138' title='bbox 1108 1859 1206 1922; x_wconf 79' lang='lat' dir='ltr'><strong>potest,</strong></span> 
     </span>
     <span class='ocr_line' id='line_1_20' title="bbox 195 1919 1207 1994; baseline 0.006 -22"><span class='ocrx_word' id='word_1_139' title='bbox 195 1936 272 1974; x_wconf 90' lang='lat' dir='ltr'><strong>asses</strong></span> <span class='ocrx_word' id='word_1_140' title='bbox 296 1921 362 1975; x_wconf 86' lang='lat' dir='ltr'><strong>olim</strong></span> <span class='ocrx_word' id='word_1_141' title='bbox 379 1922 478 1990; x_wconf 77' lang='lat' dir='ltr'><strong>scripsi</strong></span> <span class='ocrx_word' id='word_1_142' title='bbox 563 1919 719 1990; x_wconf 85' lang='lat' dir='ltr'><strong>peperisset</strong></span> <span class='ocrx_word' id='word_1_143' title='bbox 745 1924 843 1992; x_wconf 76' lang='lat' dir='ltr'><strong>scripsi</strong></span> <span class='ocrx_word' id='word_1_144' title='bbox 868 1922 974 1992; x_wconf 88' lang='lat' dir='ltr'><strong>perisse</strong></span> <span class='ocrx_word' id='word_1_145' title='bbox 1002 1925 1125 1994; x_wconf 85' lang='lat' dir='ltr'><strong>(perasse</strong></span> <span class='ocrx_word' id='word_1_146' title='bbox 1147 1923 1207 1994; x_wconf 86' lang='lat' dir='ltr'><strong>Bc)</strong></span> 
     </span>
     <span class='ocr_line' id='line_1_21' title="bbox 196 1989 1206 2064; baseline 0.006 -20"><span class='ocrx_word' id='word_1_147' title='bbox 196 1993 225 2044; x_wconf 91' lang='lat' dir='ltr'><strong>et</strong></span> <span class='ocrx_word' id='word_1_148' title='bbox 247 2011 268 2044; x_wconf 88' lang='grc' dir='ltr'><strong><em>ω</em></strong></span> <span class='ocrx_word' id='word_1_149' title='bbox 295 1989 437 2060; x_wconf 83' lang='lat' dir='ltr'><strong>peperisse</strong></span> <span class='ocrx_word' id='word_1_150' title='bbox 459 1991 550 2047; x_wconf 68' lang='lat' dir='ltr'><strong>Aldus</strong></span> <span class='ocrx_word' id='word_1_151' title='bbox 572 1991 713 2062; x_wconf 85' lang='lat' dir='ltr'><strong>peperisse</strong></span> <span class='ocrx_word' id='word_1_152' title='bbox 737 2009 752 2047; x_wconf 89' lang='lat' dir='ltr'><strong>e</strong></span> <span class='ocrx_word' id='word_1_153' title='bbox 774 1994 918 2049; x_wconf 75' lang='lat' dir='ltr'><strong>Bentleius</strong></span> <span class='ocrx_word' id='word_1_154' title='bbox 944 2013 971 2064; x_wconf 94' lang='lat' dir='ltr'><strong>p.</strong></span> <span class='ocrx_word' id='word_1_155' title='bbox 996 2010 1025 2059; x_wconf 81' lang='lat' dir='ltr'><strong>se</strong></span> <span class='ocrx_word' id='word_1_156' title='bbox 1051 1994 1206 2057; x_wconf 63' lang='lat' dir='ltr'><strong>Grauertm</strong></span> 
     </span>
    </p>

    <p class='ocr_par' dir='ltr' id='par_1_8' title="bbox 194 2060 1206 2205">
     <span class='ocr_line' id='line_1_22' title="bbox 248 2060 1206 2134; baseline 0.005 -20"><span class='ocrx_word' id='word_1_157' title='bbox 248 2060 330 2116; x_wconf 90' lang='lat' dir='ltr'><strong>uobis</strong></span> <span class='ocrx_word' id='word_1_158' title='bbox 347 2064 430 2118; x_wconf 73' lang='lat' dir='ltr'><strong>initio</strong></span> <span class='ocrx_word' id='word_1_159' title='bbox 446 2080 542 2118; x_wconf 80' lang='lat' dir='ltr'><strong>uersus</strong></span> <span class='ocrx_word' id='word_1_160' title='bbox 558 2080 610 2134; x_wconf 79' lang='lat' dir='ltr'><strong>sep.</strong></span> <span class='ocrx_word' id='word_1_161' title='bbox 627 2063 780 2120; x_wconf 62' lang='lat' dir='ltr'><strong>&amp;coenus</strong></span> <span class='ocrx_word' id='word_1_162' title='bbox 799 2065 888 2119; x_wconf 86' lang='lat' dir='ltr'><strong>bonos</strong></span> <span class='ocrx_word' id='word_1_163' title='bbox 905 2067 948 2122; x_wconf 85' lang='lat' dir='ltr'><strong>cel</strong></span> <span class='ocrx_word' id='word_1_164' title='bbox 964 2065 1054 2119; x_wconf 91' lang='lat' dir='ltr'><strong>bonas</strong></span> <span class='ocrx_word' id='word_1_165' title='bbox 1073 2067 1115 2120; x_wconf 84' lang='lat' dir='ltr'><strong>vet</strong></span> <span class='ocrx_word' id='word_1_166' title='bbox 1131 2064 1206 2120; x_wconf 89' lang='lat' dir='ltr'><strong>leuis</strong></span> 
     </span>
     <span class='ocr_line' id='line_1_23' title="bbox 194 2131 752 2205; baseline 0.005 -17"><span class='ocrx_word' id='word_1_167' title='bbox 194 2131 335 2188; x_wconf 78' lang='lat' dir='ltr'><strong>selbonis</strong></span> <span class='ocrx_word' id='word_1_168' title='bbox 354 2135 437 2190; x_wconf 85' lang='lat' dir='ltr'><strong>latere</strong></span> <span class='ocrx_word' id='word_1_169' title='bbox 454 2135 613 2190; x_wconf 68' lang='lat' dir='ltr'><strong>dubitanter</strong></span> <span class='ocrx_word' id='word_1_170' title='bbox 629 2137 752 2205; x_wconf 70' lang='lat' dir='ltr'><strong>aupieor</strong></span> 
     </span>
    </p>
   </div>
   <div class='ocr_carea' id='block_1_7' title="bbox 143 2285 1140 2520">
    <p class='ocr_par' dir='ltr' id='par_1_9' title="bbox 143 2285 1140 2520">
     <span class='ocr_line' id='line_1_24' title="bbox 686 2285 1140 2455; baseline 0.002 -22"><span class='ocrx_word' id='word_1_171' title='bbox 686 2285 718 2344; x_wconf 79' lang='grc' dir='ltr'>Π</span> <span class='ocrx_word' id='word_1_172' title='bbox 778 2369 936 2455; x_wconf 92' lang='lat' dir='ltr'><strong>numquid</strong></span> <span class='ocrx_word' id='word_1_173' title='bbox 957 2369 1033 2436; x_wconf 75' lang='lat' dir='ltr'><strong>nim</strong></span> <span class='ocrx_word' id='word_1_174' title='bbox 1055 2370 1140 2435; x_wconf 84' lang='lat' dir='ltr'><strong>fores</strong></span> 
     </span>
     <span class='ocr_line' id='line_1_25' title="bbox 143 2454 456 2520; baseline 0.006 -2"><span class='ocrx_word' id='word_1_175' title='bbox 143 2454 313 2520; x_wconf 68' lang='lat' dir='ltr'><strong>acescere</strong></span> <span class='ocrx_word' id='word_1_176' title='bbox 335 2455 456 2520; x_wconf 81' lang='lat' dir='ltr'><strong>soniti?</strong></span> 
     </span>
    </p>
   </div>
   <div class='ocr_carea' id='block_1_8' title="bbox 196 2576 1210 2794">
    <p class='ocr_par' dir='ltr' id='par_1_10' title="bbox 196 2576 1210 2794">
     <span class='ocr_line' id='line_1_26' title="bbox 267 2576 1209 2649; baseline 0.001 -18"><span class='ocrx_word' id='word_1_177' title='bbox 267 2576 377 2632; x_wconf 88' lang='lat' dir='ltr'><strong>Nonius</strong></span> <span class='ocrx_word' id='word_1_178' title='bbox 390 2582 456 2646; x_wconf 80' lang='lat'>491,</span> <span class='ocrx_word' id='word_1_179' title='bbox 470 2582 505 2630; x_wconf 80' lang='lat'><strong>25</strong></span> <span class='ocrx_word' id='word_1_180' title='bbox 530 2576 653 2632; x_wconf 82' lang='lat' dir='ltr'><strong>‘soniti</strong></span> <span class='ocrx_word' id='word_1_181' title='bbox 676 2579 705 2632; x_wconf 90' lang='lat' dir='ltr'><strong>et</strong></span> <span class='ocrx_word' id='word_1_182' title='bbox 728 2594 798 2632; x_wconf 91' lang='lat' dir='ltr'><strong>sonu</strong></span> <span class='ocrx_word' id='word_1_183' title='bbox 819 2596 870 2649; x_wconf 89' lang='lat' dir='ltr'><strong>pro</strong></span> <span class='ocrx_word' id='word_1_184' title='bbox 894 2578 1002 2634; x_wconf 90' lang='lat' dir='ltr'><strong>sonitus</strong></span> <span class='ocrx_word' id='word_1_185' title='bbox 1021 2581 1050 2634; x_wconf 92' lang='lat' dir='ltr'><strong>et</strong></span> <span class='ocrx_word' id='word_1_186' title='bbox 1067 2594 1136 2632; x_wconf 91' lang='lat' dir='ltr'><strong>sono</strong></span> <span class='ocrx_word' id='word_1_187' title='bbox 1153 2577 1209 2632; x_wconf 88' lang='lat' dir='ltr'><strong>Pa-</strong></span> 
     </span>
     <span class='ocr_line' id='line_1_27' title="bbox 197 2647 1210 2718; baseline 0 -16"><span class='ocrx_word' id='word_1_188' title='bbox 197 2647 296 2702; x_wconf 87' lang='lat' dir='ltr'><strong>cuuius</strong></span> <span class='ocrx_word' id='word_1_189' title='bbox 318 2647 480 2704; x_wconf 86' lang='lat' dir='ltr'><strong>Duloreste:</strong></span> <span class='ocrx_word' id='word_1_190' title='bbox 509 2647 700 2716; x_wconf 90' lang='lat' dir='ltr'><strong>quidnam...</strong></span> <span class='ocrx_word' id='word_1_191' title='bbox 716 2648 854 2704; x_wconf 82' lang='lat' dir='ltr'><strong>Caecilius</strong></span> <span class='ocrx_word' id='word_1_192' title='bbox 878 2649 1009 2706; x_wconf 80' lang='lat' dir='ltr'><strong>Calais:</strong></span> <span class='ocrx_word' id='word_1_193' title='bbox 1036 2666 1104 2704; x_wconf 90' lang='lat' dir='ltr'><strong>nam</strong></span> <span class='ocrx_word' id='word_1_194' title='bbox 1125 2648 1210 2718; x_wconf 91' lang='lat' dir='ltr'><strong>quid-</strong></span> 
     </span>
     <span class='ocr_line' id='line_1_28' title="bbox 196 2717 724 2794; baseline 0.006 -22"><span class='ocrx_word' id='word_1_195' title='bbox 196 2719 274 2772; x_wconf 82' lang='lat' dir='ltr'><strong>nam’</strong></span> <span class='ocrx_word' id='word_1_196' title='bbox 295 2729 321 2774; x_wconf 74' lang='lat' dir='ltr'><strong>e.&#39;</strong></span> <span class='ocrx_word' id='word_1_197' title='bbox 333 2736 359 2787; x_wconf 92' lang='lat' dir='ltr'><strong>q.</strong></span> <span class='ocrx_word' id='word_1_198' title='bbox 374 2737 396 2773; x_wconf 89' lang='lat' dir='ltr'><strong>s.</strong></span> <span class='ocrx_word' id='word_1_199' title='bbox 433 2717 596 2794; x_wconf 80' lang='lat' dir='ltr'><strong>(Chalciis</strong></span> <span class='ocrx_word' id='word_1_200' title='bbox 615 2719 724 2791; x_wconf 82' lang='lat' dir='ltr'><strong>lunius)</strong></span> 
     </span>
    </p>
   </div>
   <div class='ocr_carea' id='block_1_9' title="bbox 196 2825 1210 3180">
    <p class='ocr_par' dir='ltr' id='par_1_11' title="bbox 196 2825 1210 3180">
     <span class='ocr_line' id='line_1_29' title="bbox 270 2825 1208 2896; baseline 0.004 -18"><span class='ocrx_word' id='word_1_201' title='bbox 270 2830 284 2878; x_wconf 92' lang='lat'>1</span> <span class='ocrx_word' id='word_1_202' title='bbox 303 2825 382 2880; x_wconf 83' lang='lat' dir='ltr'><strong>Licet</strong></span> <span class='ocrx_word' id='word_1_203' title='bbox 403 2842 465 2881; x_wconf 73' lang='lat' dir='ltr'><strong>mun</strong></span> <span class='ocrx_word' id='word_1_204' title='bbox 486 2825 550 2880; x_wconf 82' lang='lat' dir='ltr'><strong>Bce&#39;</strong></span> <span class='ocrx_word' id='word_1_205' title='bbox 570 2827 718 2894; x_wconf 72' lang='lat' dir='ltr'><strong>septenarii</strong></span> <span class='ocrx_word' id='word_1_206' title='bbox 735 2834 844 2896; x_wconf 78' lang='lat' dir='ltr'><strong>partem</strong></span> <span class='ocrx_word' id='word_1_207' title='bbox 868 2826 1006 2895; x_wconf 76' lang='lat' dir='ltr'><strong>numquid</strong></span> <span class='ocrx_word' id='word_1_208' title='bbox 1023 2843 1090 2882; x_wconf 89' lang='lat' dir='ltr'><strong>nam</strong></span> <span class='ocrx_word' id='word_1_209' title='bbox 1107 2826 1127 2882; x_wconf 87' lang='lat' dir='ltr'><strong>f.</strong></span> <span class='ocrx_word' id='word_1_210' title='bbox 1146 2825 1166 2880; x_wconf 89' lang='lat' dir='ltr'><strong>f.</strong></span> <span class='ocrx_word' id='word_1_211' title='bbox 1186 2844 1208 2882; x_wconf 86' lang='lat' dir='ltr'><strong>s.</strong></span> 
     </span>
     <span class='ocr_line' id='line_1_30' title="bbox 196 2895 1209 2966; baseline -0.002 -14"><span class='ocrx_word' id='word_1_212' title='bbox 196 2897 357 2952; x_wconf 69' lang='lat' dir='ltr'><strong>conticuere</strong></span> <span class='ocrx_word' id='word_1_213' title='bbox 409 2895 626 2964; x_wconf 88' lang='lat' dir='ltr'><strong>numquidnam</strong></span> <span class='ocrx_word' id='word_1_214' title='bbox 637 2896 789 2953; x_wconf 65' lang='grc'>6122212142</span> <span class='ocrx_word' id='word_1_215' title='bbox 802 2914 869 2952; x_wconf 86' lang='grc'>112111</span> <span class='ocrx_word' id='word_1_216' title='bbox 877 2897 1013 2966; x_wconf 88' lang='lat' dir='ltr'><strong>quidnam</strong></span> <span class='ocrx_word' id='word_1_217' title='bbox 1022 2919 1044 2952; x_wconf 85' lang='grc' dir='ltr'><strong><em>ω</em></strong></span> <span class='ocrx_word' id='word_1_218' title='bbox 1057 2913 1124 2952; x_wconf 87' lang='lat' dir='ltr'><strong>nam</strong></span> <span class='ocrx_word' id='word_1_219' title='bbox 1137 2896 1209 2966; x_wconf 88' lang='lat' dir='ltr'><strong>quid</strong></span> 
     </span>
     <span class='ocr_line' id='line_1_31' title="bbox 196 2967 1209 3040; baseline -0.001 -18"><span class='ocrx_word' id='word_1_220' title='bbox 196 2968 327 3038; x_wconf 79' lang='lat' dir='ltr'><strong>Bottius,</strong></span> <span class='ocrx_word' id='word_1_221' title='bbox 349 2983 407 3022; x_wconf 78' lang='lat' dir='ltr'><strong>roc</strong></span> <span class='ocrx_word' id='word_1_222' title='bbox 429 2969 605 3036; x_wconf 77' lang='lat' dir='ltr'><strong>inprobaturu</strong></span> <span class='ocrx_word' id='word_1_223' title='bbox 623 2967 778 3039; x_wconf 72' lang='lat' dir='ltr'><strong>Speayeli),</strong></span> <span class='ocrx_word' id='word_1_224' title='bbox 801 2970 850 3040; x_wconf 83' lang='lat' dir='ltr'><strong>qui</strong></span> <span class='ocrx_word' id='word_1_225' title='bbox 867 2975 959 3024; x_wconf 78' lang='lat' dir='ltr'><strong>temeri</strong></span> <span class='ocrx_word' id='word_1_226' title='bbox 976 2971 1033 3039; x_wconf 82' lang='lat' dir='ltr'><strong>ipse</strong></span> <span class='ocrx_word' id='word_1_227' title='bbox 1053 2967 1209 3037; x_wconf 90' lang='lat' dir='ltr'><strong>namquid</strong></span> 
     </span>
     <span class='ocr_line' id='line_1_32' title="bbox 197 3037 1210 3109; baseline 0.003 -18"><span class='ocrx_word' id='word_1_228' title='bbox 197 3038 255 3092; x_wconf 90' lang='lat' dir='ltr'><strong>iam</strong></span> <span class='ocrx_word' id='word_1_229' title='bbox 272 3040 314 3094; x_wconf 86' lang='lat' dir='ltr'><strong>uei</strong></span> <span class='ocrx_word' id='word_1_230' title='bbox 331 3054 398 3092; x_wconf 89' lang='lat' dir='ltr'><strong>nam</strong></span> <span class='ocrx_word' id='word_1_231' title='bbox 416 3037 485 3106; x_wconf 89' lang='lat' dir='ltr'><strong>quid</strong></span> <span class='ocrx_word' id='word_1_232' title='bbox 501 3055 576 3093; x_wconf 90' lang='lat' dir='ltr'><strong>nunc</strong></span> <span class='ocrx_word' id='word_1_233' title='bbox 590 3041 743 3109; x_wconf 78' lang='lat' dir='ltr'><strong>proposcit.</strong></span> <span class='ocrx_word' id='word_1_234' title='bbox 783 3041 878 3096; x_wconf 79' lang='lat' dir='ltr'><strong>Ooniei</strong></span> <span class='ocrx_word' id='word_1_235' title='bbox 895 3042 977 3096; x_wconf 85' lang='lat' dir='ltr'><strong>etiam</strong></span> <span class='ocrx_word' id='word_1_236' title='bbox 994 3039 1131 3108; x_wconf 90' lang='lat' dir='ltr'><strong>numquid</strong></span> <span class='ocrx_word' id='word_1_237' title='bbox 1149 3039 1210 3094; x_wconf 90' lang='lat' dir='ltr'><strong>iam</strong></span> 
     </span>
     <span class='ocr_line' id='line_1_33' title="bbox 196 3109 1092 3180; baseline 0.001 -14"><span class='ocrx_word' id='word_1_238' title='bbox 196 3111 238 3166; x_wconf 83' lang='lat' dir='ltr'><strong>ccl</strong></span> <span class='ocrx_word' id='word_1_239' title='bbox 255 3127 330 3164; x_wconf 88' lang='lat' dir='ltr'><strong>nune</strong></span> <span class='ocrx_word' id='word_1_240' title='bbox 349 3109 484 3178; x_wconf 89' lang='lat' dir='ltr'><strong>quidnam</strong></span> <span class='ocrx_word' id='word_1_241' title='bbox 498 3113 586 3180; x_wconf 80' lang='lat' dir='ltr'><strong>possit</strong></span> <span class='ocrx_word' id='word_1_242' title='bbox 638 3109 725 3165; x_wconf 80' lang='lat' dir='ltr'><strong>fortes</strong></span> <span class='ocrx_word' id='word_1_243' title='bbox 744 3111 783 3166; x_wconf 89' lang='lat' dir='ltr'><em>W</em></span> <span class='ocrx_word' id='word_1_244' title='bbox 851 3110 977 3166; x_wconf 77' lang='grc'>2122212</span> <span class='ocrx_word' id='word_1_245' title='bbox 995 3111 1092 3167; x_wconf 86' lang='lat' dir='ltr'><strong>BaW</strong></span> 
     </span>
    </p>
   </div>
   <div class='ocr_carea' id='block_1_10' title="bbox 604 3295 805 3360">
    <p class='ocr_par' dir='ltr' id='par_1_12' title="bbox 604 3295 805 3360">
     <span class='ocr_line' id='line_1_34' title="bbox 604 3295 805 3360; baseline -0.005 -5"><span class='ocrx_word' id='word_1_246' title='bbox 604 3295 805 3360; x_wconf 76' lang='lat' dir='ltr'>CHRYSION</span> 
     </span>
    </p>
   </div>
   <div class='ocr_carea' id='block_1_11' title="bbox 197 3409 1211 3626">
    <p class='ocr_par' dir='ltr' id='par_1_13' title="bbox 197 3409 1211 3626">
     <span class='ocr_line' id='line_1_35' title="bbox 270 3409 1211 3482; baseline 0.002 -16"><span class='ocrx_word' id='word_1_247' title='bbox 270 3411 428 3480; x_wconf 79' lang='lat' dir='ltr'><strong>‘Chrysion’</strong></span> <span class='ocrx_word' id='word_1_248' title='bbox 457 3411 552 3482; x_wconf 89' lang='lat' dir='ltr'><strong>(immo</strong></span> <span class='ocrx_word' id='word_1_249' title='bbox 579 3409 734 3481; x_wconf 82' lang='lat' dir='ltr'><strong>Grusion)</strong></span> <span class='ocrx_word' id='word_1_250' title='bbox 760 3429 818 3466; x_wconf 94' lang='lat' dir='ltr'><strong>non</strong></span> <span class='ocrx_word' id='word_1_251' title='bbox 846 3411 1000 3482; x_wconf 81' lang='lat' dir='ltr'><strong>‘Chrysius’</strong></span> <span class='ocrx_word' id='word_1_252' title='bbox 1030 3412 1211 3468; x_wconf 85' lang='lat' dir='ltr'><strong>scribendum</strong></span> 
     </span>
     <span class='ocr_line' id='line_1_36' title="bbox 198 3481 1210 3565; baseline 0.001 -28"><span class='ocrx_word' id='word_1_253' title='bbox 198 3499 258 3538; x_wconf 86' lang='lat' dir='ltr'><strong>esse</strong></span> <span class='ocrx_word' id='word_1_254' title='bbox 285 3483 369 3538; x_wconf 85' lang='lat' dir='ltr'><strong>vidit·</strong></span> <span class='ocrx_word' id='word_1_255' title='bbox 387 3483 552 3565; x_wconf 82' lang='lat' dir='ltr'><strong>Spengelius</strong></span> <span class='ocrx_word' id='word_1_256' title='bbox 578 3500 606 3552; x_wconf 90' lang='lat' dir='ltr'><strong>p.</strong></span> <span class='ocrx_word' id='word_1_257' title='bbox 626 3489 655 3537; x_wconf 81' lang='lat'><strong>6:</strong></span> <span class='ocrx_word' id='word_1_258' title='bbox 684 3481 718 3536; x_wconf 83' lang='lat' dir='ltr'><strong>cf.</strong></span> <span class='ocrx_word' id='word_1_259' title='bbox 747 3481 801 3537; x_wconf 91' lang='lat' dir='ltr'><strong>inc.</strong></span> <span class='ocrx_word' id='word_1_260' title='bbox 827 3482 884 3539; x_wconf 85' lang='lat' dir='ltr'><strong>fab.</strong></span> <span class='ocrx_word' id='word_1_261' title='bbox 903 3483 1026 3538; x_wconf 85' lang='lat' dir='ltr'><strong>XXXVI.</strong></span> <span class='ocrx_word' id='word_1_262' title='bbox 1067 3485 1100 3537; x_wconf 88' lang='lat' dir='ltr'><strong>In</strong></span> <span class='ocrx_word' id='word_1_263' title='bbox 1127 3483 1210 3538; x_wconf 86' lang='lat' dir='ltr'><strong>Anti-</strong></span> 
     </span>
     <span class='ocr_line' id='line_1_37' title="bbox 197 3551 1209 3626; baseline 0.002 -18"><span class='ocrx_word' id='word_1_264' title='bbox 197 3554 299 3625; x_wconf 89' lang='lat' dir='ltr'><strong>phanis</strong></span> <span class='ocrx_word' id='word_1_265' title='bbox 322 3553 456 3624; x_wconf 78' lang='lat' dir='ltr'><strong>Ohrymde</strong></span> <span class='ocrx_word' id='word_1_266' title='bbox 480 3555 526 3626; x_wconf 91' lang='lat' dir='ltr'><strong>(Il)</strong></span> <span class='ocrx_word' id='word_1_267' title='bbox 548 3554 649 3609; x_wconf 85' lang='lat' dir='ltr'><strong>habes:</strong></span> <span class='ocrx_word' id='word_1_268' title='bbox 676 3553 804 3623; x_wconf 76' lang='grc' dir='ltr'><strong><em>τέτταρες</em></strong></span> <span class='ocrx_word' id='word_1_269' title='bbox 831 3551 857 3608; x_wconf 76' lang='grc' dir='ltr'><strong>δ’</strong></span> <span class='ocrx_word' id='word_1_270' title='bbox 885 3552 1047 3625; x_wconf 57' lang='grc' dir='ltr'><strong><em>αὐλητρίδες</em></strong></span> <span class='ocrx_word' id='word_1_271' title='bbox 1068 3553 1209 3626; x_wconf 75' lang='grc' dir='ltr'><strong>Ἔχουσι</strong></span> 
     </span>
    </p>
   </div>
   <div class='ocr_carea' id='block_1_12' title="bbox 0 0 1341 3914">
    <p class='ocr_par' dir='ltr' id='par_1_14' title="bbox 0 0 1341 3914">
     <span class='ocr_line' id='line_1_38' title="bbox 0 0 1341 3914; baseline 0 0"><span class='ocrx_word' id='word_1_272' title='bbox 0 0 1341 3914; x_wconf 95' lang='lat' dir='ltr'><strong> </strong></span> 
     </span>
    </p>
   </div>
  </div>
 </body>
</html>
