2668 3904
228 170 294 234 384
393 170 660 225 ANONYIIORVM
678 168 858 224 MIMORVII
874 169 1070 236 RELIQVIAE

227 333 267 398 In
296 333 413 418 quibus
443 334 568 398 assidue
596 334 702 398 cultus
731 333 876 418 procedit
904 333 1042 419 adulter,
1069 331 1244 416 Verbaque

229 440 284 504 dat
306 440 407 505 stulto
431 441 546 504 callida
568 445 670 525 nupta
692 441 773 505 uiro.
818 439 950 506 Nubilis
977 439 1037 504 hos
1059 439 1153 525 uirgo
1177 462 1244 503 ma-

228 550 385 630 tronaque
408 547 523 631 uirque
550 569 693 632 puerque
717 545 862 632 Spectat,
889 551 985 610 etex
1007 569 1124 632 magna
1150 550 1244 630 parte

227 657 358 717 senatus
390 653 488 718 adest.
541 653 611 718 Nec
647 654 726 718 satis
763 653 893 718 incestis
925 653 1075 718 temerari
1106 651 1244 717 uocibus

229 781 333 824 aures:
356 758 555 824 Assuescunt
578 760 664 825 oculi
686 761 789 824 multa
811 760 959 844 pudenda
981 761 1059 844 pati.
1098 758 1243 843 Cumque

230 865 346 930 fefellit
373 888 483 930 amans
510 866 619 950 aliqua
644 867 790 931 nouItate
818 866 985 952 maritum,
1012 866 1182 930 Plauditur
1210 869 1243 930 et

227 995 346 1058 magno
370 973 477 1057 palma
499 973 610 1037 fauore
634 973 748 1037 datur?

300 1127 340 1183 cf.
353 1129 483 1183 Valerius
497 1131 635 1184 Maximus
650 1131 676 1184 Π
690 1137 714 1200 6,
727 1136 742 1184 'l
756 1130 815 1185 Ael.
831 1129 1008 1200 Lampridius
1025 1129 1055 1183 in
1071 1129 1132 1183 vita
1145 1128 1243 1183 Helio-

228 1199 327 1268 gabeli
351 1217 373 1254 c.
394 1207 427 1254 25
451 1201 590 1255 Minucius
613 1202 693 1256 Felix
716 1208 818 1271 37,12.
861 1202 1015 1271 Cyprianus
1040 1201 1077 1255 ad
1099 1201 1245 1254 Donatum

229 1287 252 1325 c.
268 1277 292 1325 8.
330 1271 397 1326 Alia
414 1272 578 1327 testimonia
597 1273 702 1327 similia
720 1273 785 1327 vide
804 1273 834 1326 in
853 1273 968 1342 Grysari
986 1273 1004 1328 1,
1019 1272 1038 1327 l.
1055 1279 1087 1327 18
1103 1290 1143 1340 sq.

679 1565 793 1624 XXXII

297 1681 461 1748 Arnobius
489 1685 558 1748 adv.
581 1689 646 1749 nat.
669 1683 717 1749 IV
740 1685 782 1748 36
811 1684 920 1748 ‘etiam
939 1683 1051 1747 mimis
1074 1686 1106 1746 et
1129 1683 1246 1747 scurri-

225 1788 316 1852 libus
344 1789 476 1854 ludicris
506 1791 780 1855 sanctissimorum
810 1811 964 1876 personae
994 1790 1246 1873 interponuntur

231 1894 364 1959 deorum
392 1947 399 1960 .
424 1947 430 1959 .
455 1947 461 1960 .
489 1896 685 1960 iocularibus
713 1897 874 1961 feriuntur
902 1894 1163 1960 cauillationibus
1187 1919 1247 1959 nu-

230 2001 332 2088 mina,
355 2001 557 2066 conclamant
579 2006 612 2067 et
634 2005 808 2088 assurgunt
832 2001 972 2086 theatra,
995 2023 1110 2064 caueae
1134 2023 1247 2067 omnes

230 2112 425 2192 concrepant
447 2109 631 2196 fragoribus
654 2113 751 2194 atque
773 2108 911 2193 plausu'

671 2416 801 2475 XXXIII

299 2533 464 2599 Arnobius
487 2535 556 2600 adv.
574 2536 721 2600 nationes
739 2534 803 2599 VII
827 2536 869 2600 33
895 2535 1013 2598 ‘mimis
1035 2535 1190 2599 nimirum
1216 2536 1250 2600 di

232 2641 388 2726 gaudent,
420 2646 452 2706 et
481 2642 537 2706 illa
563 2643 614 2706 uis
643 2646 809 2726 praestans
838 2663 942 2726 neque
971 2641 1047 2705 ullis
1077 2641 1251 2707 hominum

235 2747 465 2832 comprehensa
492 2750 616 2813 naturis
641 2749 853 2813 libentissime
876 2747 1059 2813 commodat
1082 2749 1251 2813 audiendis

235 2852 286 2917 his
309 2855 409 2940 auris,
438 2877 575 2940 quorum
602 2855 947 2942 symplegmatibus
974 2855 1124 2940 plurimis
1151 2855 1252 2919 inter-
1286 2847 1288 2925 ζ

235 2962 355 3026 mixtos
387 2985 420 3027 sc
453 2983 520 3027 esse
553 2961 722 3027 derisionis
753 2962 788 3025 in
819 2962 987 3032 materiam
1019 2965 1148 3025 norunt.
1200 2963 1255 3026 de·
1285 2953 1286 2993 l

226 3069 408 3154 'lactantur,
430 3073 467 3132 ut
489 3091 540 3133 res
563 3071 624 3153 est,
652 3068 896 3152 stupidorum
919 3067 1113 3152 capitibus
1136 3068 1253 3153 rasis,

237 3175 509 3259 salapittarum
545 3175 674 3240 sonitu
714 3179 828 3259 atque
869 3176 1020 3262 plausu,
1059 3174 1174 3238 factis
1213 3179 1253 3238 et

238 3281 353 3344 dictis
378 3281 570 3366 turpibus,
598 3281 833 3346 fascinorum
856 3281 1072 3368 ingentium
1098 3279 1253 3344 rubore'
1280 3267 1282 3339 ζ

235 3406 262 3447 e.
284 3408 313 3468 q.
333 3408 357 3450 s.
1279 3389 1280 3409 ¹

310 3539 435 3593 Conferri
452 3541 536 3595 iussit
554 3541 612 3596 Bue
630 3543 827 3612 Aristophanis
846 3544 912 3598 nub.
927 3548 979 3597 53⁷
996 3559 1054 3612 sqq.
