2686 3910
216 151 279 216 132
373 149 438 204 -EX
455 101 621 204 moraris
640 147 880 204 INGERTORVM
898 146 1051 202 FABVLIS

709 316 726 374 Ι

304 418 390 483 ‘Tibi
417 439 492 504 ego,
514 415 684 502 'Antipho‚
713 416 772 482 has
799 417 882 482 sero'
905 416 1027 502 inquit:
1060 417 1227 503 sentimas,

799 545 873 590 cum
896 523 999 589 aridio.

284 646 379 701 Cicero
399 645 433 699 de
453 647 523 700 orat.
538 645 564 698 Π
583 650 626 714 69,
641 651 693 700 242
714 645 803 698 ‘inre
823 646 866 698 est
885 644 954 698 item
972 644 1130 714 ridiculum,
1149 645 1226 712 quod

214 735 248 772 ex
266 718 389 786 quadam
407 717 563 786 deprauata
581 715 741 770 imitatione
760 715 833 769 sumi
852 715 945 770 solet.
962 759 967 769 .
985 759 989 770 .
1005 732 1039 769 ex
1053 715 1106 769 hoc
1124 732 1226 784 genere

214 792 257 844 est
275 788 339 843 illa
357 787 529 846 Rosciana
547 786 703 841 imitatio
722 785 828 842 senis:
847 785 917 840 tibi
937 830 942 840 .
960 831 964 840 .
981 831 987 841 .
1006 785 1133 841 audio’
1161 787 1226 856 (in-

214 859 289 928 quit
306 862 408 930 poetae
426 858 551 913 reddidit
568 857 705 928 Bergkius
725 875 819 927 opusc.
834 858 913 911 1218
933 856 1133 926 coniunxitque
1151 858 1227 912 hunc

213 931 307 986 locum
329 947 393 985 cum
411 929 512 987 Caecil.
532 929 653 1000 Syneph.
672 929 710 984 il:
738 927 824 982 immo
848 927 913 982 vide
937 945 1022 997 supra
1045 944 1080 982 ex
1101 928 1227 998 Hydriae

213 1002 331 1072 prologo
351 1001 468 1071 adlata.)

285 1108 337 1162 has
356 1124 406 1162 cm.
427 1108 544 1179 Erleup.
565 1109 580 1162 b
666 1106 775 1162 senium
795 1150 823 1161 ..
843 1105 928 1160 audio
945 1107 1061 1174 fremuit
1079 1109 1127 1177 qut
1144 1125 1162 1162 a
1183 1107 1229 1162 Ot-

213 1181 318 1236 cerocis
336 1179 525 1236 interlocutore
544 1179 612 1233 eddi
629 1184 779 1234 statuerent

699 1345 731 1404 H

215 1454 352 1521 Athe‘nis
374 1456 538 1542 Megaram
561 1455 688 1540 uesperi
711 1453 843 1520 aduenit
864 1453 970 1540 Sim03
1012 1493 1015 1497 -

215 1563 282 1628 Vbi
304 1563 434 1626 aduenit
456 1561 634 1648 Megaram,
657 1562 790 1626 insidias
813 1561 890 1626 fecit
913 1559 1049 1650 uirgini3

216 1668 352 1734 Insidias
375 1672 546 1753 postquam
569 1667 659 1752 fe‘cit,
682 1669 750 1733 uim
773 1668 808 1732 in
829 1667 901 1733 loco
925 1668 1044 1732 attulit.

287 1799 368 1852 Rhet.
384 1799 421 1852 ad
434 1799 553 1864 Herenn.
568 1799 581 1852 I
596 1805 620 1866 9,
636 1803 670 1852 14
686 1799 731 1852 ‘ne
749 1797 794 1852 bis
813 1801 864 1852 aut
886 1797 998 1867 saepius
1012 1797 1088 1851 idem
1102 1797 1229 1852 dicamus
1294 1813 1296 1818 ·

217 1870 374 1925 cauendum
391 1872 446 1938 est;
475 1867 561 1924 etiam
583 1885 618 1922 ne
644 1868 712 1937 quid
738 1867 891 1923 nouissime
915 1869 991 1936 quod
1009 1867 1130 1924 diximus
1150 1869 1229 1924 dein-

217 1958 287 2012 ceps
300 1940 434 2009 dicamus,
453 1940 506 1994 hoc
524 1940 620 1994 modo:
639 1937 800 2004 Athenis'
821 1956 844 1994 e.
865 1958 891 2008 q.
911 1957 931 1994 s.

289 2071 303 2120 1
322 2081 463 2119 mecarum
482 2065 620 2135 arraret),
639 2065 702 2119 item
719 2082 743 2119 o.
764 2069 779 2118 2
871 2070 887 2117 2
905 2063 974 2118 fecit
992 2063 1110 2118 insidias
1129 2063 1230 2120 Barth.

270 2153 389 2225 uirginis
407 2154 522 2222 Herbip

701 2286 748 2344 III

183 2394 256 2462 5111
278 2394 402 2460 Ve‘nere
425 2417 535 2480 sapere
558 2394 670 2460 didicit
693 2396 728 2460 ni
752 2396 871 2460 mirrirn
895 2393 1007 2480 Solon,

220 2501 282 2579 Qui
304 2502 376 2589 le‘ge
399 2503 499 2587 cauit,
522 2501 603 2566 uitia
626 2502 676 2566 uti
699 2501 959 2566 transcenderent

218 2606 370 2673 Auctdris
392 2630 526 2693 poenae:
549 2607 637 2672 ndlla
659 2629 763 2693 poena
786 2608 933 2674 ace'rbior

218 2713 407 2800 Excogitari
429 2715 537 2798 potuit
558 2715 669 2780 uxoris
692 2716 794 2782 malis.

290 2843 433 2904 Charisius
455 2863 482 2914 p.
498 2850 549 2898 246
568 2845 598 2900 P.
622 2843 698 2899 ‘aliis
721 2845 763 2900 ita
785 2844 894 2915 placuit
917 2844 1033 2900 definire
1055 2861 1107 2926 per
1128 2844 1229 2914 hyper-

219 2914 318 2971 bolen:
345 2914 380 2968 in
400 2958 406 2970 .
423 2959 428 2969 .
444 2959 450 2970 .
469 2914 577 2970 malis.
616 2915 696 2981 Quod
719 2916 807 2971 etiam
823 2916 854 2970 in
873 2916 1014 2971 schemate
1033 2915 1166 2970 dranoeas
1185 2915 1229 2970 in-

219 2985 316 3040 uenies
335 2985 371 3039 de
389 2985 562 3055 hyperbole?
591 2986 673 3041 Hunc
690 2987 784 3042 locum
803 2987 937 3042 omissum
950 2987 981 3043 in
994 2986 1132 3056 excerptis
1151 2985 1228 3042 Leid.

219 3056 299 3111 uncis
319 3055 434 3110 inclusit
456 3055 571 3111 Keilius.
609 3058 686 3112 Idem
710 3077 736 3128 p.
757 3065 808 3113 253
826 3059 857 3114 P.
884 3060 944 3129 ‘per
965 3057 1151 3128 hyperbolen,
1174 3057 1229 3112 hoc

220 3131 276 3184 est:
302 3127 338 3181 in
358 3171 363 3182 .
380 3171 385 3182 .
403 3172 408 3182 .
427 3127 547 3182 malis!
577 3127 617 3184 Cf.
637 3129 753 3184 Caecilii
771 3129 902 3184 Plocium.
917 3133 946 3185 et
963 3127 1135 3184 Philemonis
1153 3127 1187 3181 fr.
1202 3135 1228 3182 4.

292 3240 306 3288 1
327 3233 435 3288 Venere
453 3236 551 3304 scripsi
569 3237 667 3289 uentre
685 3237 743 3291 cod.
758 3253 788 3304 p.
808 3241 860 3290 263
879 3237 1007 3290 uentrem
1024 3235 1081 3290 cod.
1097 3252 1127 3304 p.
1139 3239 1191 3287 246

220 3304 323 3359 didicit
342 3321 439 3376 sapere
456 3307 515 3362 cod.
531 3323 560 3376 p.
575 3311 627 3360 246
694 3312 710 3360 2
728 3306 807 3360 cauit
824 3309 856 3360 ut
874 3305 946 3360 uitia
962 3307 1021 3362 cod.
1036 3323 1065 3376 p,
1081 3311 1133 3360 246
1152 3304 1230 3359 cauit

219 3379 250 3430 tu
272 3393 351 3432 cusa
372 3383 489 3433 extremo
511 3379 617 3432 omissa
639 3379 732 3432 ceteris
754 3379 812 3432 cod.
833 3395 862 3447 p.
880 3383 933 3431 263
1064 3381 1080 3429 3
1100 3377 1228 3430 auctores

218 3446 240 3516 (i
257 3449 406 3516 arpraem.)
425 3449 482 3503 cod.
498 3465 527 3517 p.
543 3453 595 3502 246
609 3464 627 3501 a
641 3450 672 3502 in
687 3463 766 3504 uerae
783 3455 899 3504 eetrcmo
916 3465 966 3504 aec
983 3448 1133 3518 quidquem
1147 3465 1228 3517 prae-

219 3524 292 3573 terea
310 3519 410 3588 ἱερέων
424 3536 454 3587 p.
469 3524 520 3571 263
589 3533 680 3586 poena
698 3517 778 3572 nulla
796 3520 855 3574 edd.
