2666 3914
528 149 713 206 CAECENS
732 149 882 206 STATIVS

619 389 790 450 EPHESIO

245 537 250 546 ·
272 497 312 561 cf.
328 503 457 576 Ἐφέσιος
474 506 629 562 Menandri.

199 615 281 680 Tum
305 615 452 700 equidem
475 615 510 680 in
533 618 660 680 senecta
681 615 744 680 hcc
768 615 886 700 deputo
909 615 1139 704 miserrimum,

95 709 122 724 '⁴
199 721 325 787 Seutire
349 745 391 789 ea.
409 726 515 787 aetate·
535 726 664 808 eumpse
688 743 755 787 esse
778 722 925 787 odiosum
948 723 1050 788 alteri.
1094 772 1097 780 .

268 841 451 914 Nonius1,2
477 843 623 898 ‘senium
646 846 689 898 ert
715 842 843 898 taedium
865 845 895 898 et
918 843 1026 914 odium,
1054 843 1161 900 dictum
1188 863 1206 901 a

198 917 353 985 senectute,
377 915 453 984 quod
471 931 550 970 senes
570 915 699 970 omnibus
718 914 783 969 odio
803 914 860 968 sint
878 917 907 969 et
924 915 1028 971 taedio.
1066 915 1204 971 Caecilius

196 985 227 1040 in
244 979 406 1041 Efesidne
424 988 508 1040 tum’
528 1003 551 1041 e.
566 1003 592 1055 q.
608 1004 628 1042 s.
656 985 840 1068 (Ephesim
858 1003 921 1040 nae
939 987 1016 1040 tum*
1029 987 1202 1058 Spengelius.

195 1057 238 1111 De
255 1057 377 1128 Ephesio
396 1057 537 1128 cogitarat
554 1057 641 1112 etiam
654 1057 767 1113 Jumus:
789 1057 839 1110 sed
858 1057 956 1126 quidni
974 1057 1122 1128 Ephesio
1161 1076 1204 1114 os·

196 1127 234 1182 sit
253 1129 326 1183 servi
343 1145 445 1183 nomen
463 1128 579 1200 fuisset)
606 1127 701 1183 Cicero
716 1127 830 1183 Catonis
844 1128 909 1198 mai.
920 1134 945 1210 8²
956 1134 990 1182 25
1011 1077 1205 1186 (6161166866-

196 1198 277 1254 cilius
376 1217 462 1268 quam
487 1199 560 1255 illud
586 1199 662 1254 idem
689 1198 1008 1272 [Ploo.1x]...111ud
1035 1217 1101 1255 uero
1129 1201 1205 1256 idem

197 1269 335 1324 Caecilius
352 1270 496 1328 uitiosius:
515 1271 586 1326 tum’
607 1287 631 1326 e.
646 1289 672 1340 q.
688 1289 709 1325 s.

1324 889 1325 924 l

1324 975 1325 1006 l

267 1376 432 1445 lequidem
449 1395 500 1434 on.
518 1379 631 1434 Noniae
683 1377 713 1430 in
732 1361 1080 1433 senectute'hocNonins
1102 1378 1205 1434 hocin
1262 1359 1266 1366 ¹
1324 1343 1325 1434 i

195 1449 309 1501 senecta
331 1449 473 1520 Rhenony.
494 1447 630 1504 Ciceronis
701 1455 850 1518 ncumpse
873 1464 933 1502 esse
958 1447 1086 1503 odiosum
1105 1449 1204 1506 Fncn-

1324 2961 1325 3024 l

74 1543 79 1552 ·
194 1521 301 1588 asenne
322 1521 427 1574 onnaii.
447 1521 552 1590 philoll.
569 1525 638 1574 1866
656 1537 686 1588 p.
701 1525 753 1573 666
776 1520 823 1590 [cf.
846 1520 983 1592 Bernices
1005 1537 1095 1601 opine.
1109 1521 1201 1594 1696]

195 1605 259 1642 eum
281 1605 311 1643 se
334 1606 395 1644 esse
412 1589 547 1646 odiosum
571 1591 707 1646 Ciceronis
724 1591 802 1646 Laid.
819 1609 854 1646 n.
869 1609 914 1661 pr.
939 1607 1003 1644 eum
1025 1609 1117 1660 speum
1140 1608 1201 1646 esse

195 1659 323 1714 odiosum
336 1659 448 1728 Nonins
465 1678 526 1716 esse
544 1659 672 1716 odiosum
691 1662 876 1732 6616660669.
894 1662 966 1718 Curi.
986 1678 1046 1716 esse
1065 1662 1202 1734 odiosum,

193 1749 244 1787 orn.
264 1747 306 1800 se,
326 1731 534 1793 1667686666.
554 1733 725 1788 Benedicent.
750 1749 779 1786 se
802 1749 863 1786 esse
887 1731 1015 1787 odiosum
1033 1733 1097 1802 Erf.
1123 1733 1202 1789 odio-

194 1820 256 1856 sum
274 1819 303 1856 se
322 1819 382 1857 osse
399 1804 500 1859 Trevir.
520 1820 580 1867 esse
599 1819 628 1856 66
648 1801 780 1856 odiosum.
792 1805 917 1860 Inieraci.
936 1822 998 1860 enm
1016 1808 1110 1861 ceteris
1123 1807 1202 1861 latria

195 1873 333 1929 Ciceronis
350 1873 442 1944 ipsum
460 1891 521 1928 esse
540 1873 668 1928 odiosum
685 1875 806 1930 Botloins

590 2057 808 2120 EPICLEROS

259 2173 426 2246 Ἐπίκληρος
443 2175 613 2258 Antiphanis
630 2175 757 2230 Alexidis
775 2175 892 2230 Diodori
909 2174 1026 2246 Diphili.
1097 2221 1100 2228 .

691 2291 706 2348 Ι
782 2277 784 2280 .

139 2407 173 2457 9ο
191 2391 282 2457 Itane
304 2388 459 2476 'Antipho
482 2391 647 2456 inuenitur
668 2381 807 2476 profluit
827 2391 913 2457 fido?
969 2429 971 2431 ·

191 2497 313 2564 Itanrist
325 2499 533 2578 ¹inmemoris5
556 2489 676 2563 itanest
697 2497 825 2562 madida
846 2487 1023 2562 memoria?

261 2619 420 2691 Priscianus
438 2638 466 2690 p.
479 2625 530 2674 699
545 2619 575 2674 Ρ.
597 2619 653 2672 ‘hic
671 2621 700 2673 66
717 2619 788 2673 haec
806 2621 835 2673 66
852 2619 906 2674 hoc
924 2635 1047 2673 memor
1118 2623 1199 2677 uetu-

191 2690 309 2746 stissimi
339 2694 435 2746 666660
466 2689 587 2758 similem
617 2689 749 2762 genetiuo
781 2691 959 2760 protulerunt
989 2689 1049 2744 eius
1076 2691 1199 2748 nominis

190 2761 415 2817 nominatiuum?
452 2761 530 2816 Idem
551 2780 578 2832 p.
599 2767 649 2816 779
664 2762 694 2816 P.
725 2761 811 2832 ‘apud
839 2761 970 2830 antiquos
998 2761 1044 2815 hic
1070 2764 1101 2817 66
1127 2763 1199 2820 haec

189 2832 346 2891 memoris
361 2835 389 2886 66
401 2833 456 2887 hoc
469 2848 590 2887 memore
603 2832 805 2902 proferebatur.
834 2832 864 2886 in
878 2849 933 2902 quo
947 2831 1029 2887 testis
1043 2836 1087 2888 est
1101 2833 1199 2906 Caper,

190 2903 369 2974 antiquitatis
396 2903 575 2958 'doctissimus
600 2903 758 2974 inquisitor.
800 2903 925 2958 ostendit
947 2903 1022 2958 enim
1045 2903 1200 2960 Caecilium

189 2975 220 3030 in
237 2975 366 3046 Epiclero
386 2974 425 3029 sic
443 2974 606 3045 protulisse:
624 2974 713 3030 itane‘
733 2992 756 3030 6.
772 2993 797 3044 q.
814 2993 834 3030 s.

261 3106 276 3154 1
295 3099 438 3154 inuenitur
450 3099 609 3172 Spenyeiins
625 3117 661 3156 en
677 3101 783 3157 dwbroe
800 3101 876 3156 codd.
896 3099 1028 3155 inuentus
1043 3121 1065 3170 φ
1083 3107 1198 3173 nnoqne

189 3196 249 3268 ioco
273 3209 317 3262 666
343 3206 474 3262 inuentus
497 3207 616 3264 Bothins
690 3206 815 3278 profluia'
836 3207 920 3263 Halo.
948 3183 1087 3278 profluas
1116 3207 1199 3264 Grai.
1291 3245 1294 3247 -
1324 3267 1325 3290 Χ

187 3277 336 3349 profluiuia
354 3277 436 3350 Soron.
454 3277 635 3350 proflui-:uia
652 3279 718 3350 Req.
737 3277 876 3348 profluida
890 3279 971 3334 Vinci.
991 3281 1007 3335 b
1021 3297 1051 3350 p.
1067 3283 1119 3334 699
1139 3279 1198 3348 pir-
1324 3291 1325 3312 ¹

187 3383 259 3452 fluia
274 3386 349 3454 (06.9
394 3363 497 3456 irliuiii)
514 3386 579 3457 Req.
595 3402 625 3456 p.
642 3385 691 3439 779
777 3383 888 3439 nitens
909 3387 953 3439 est
971 3386 1054 3456 tien
1077 3383 1156 3438 itane
1172 3429 1196 3441 ..

187 3455 265 3510 itane
288 3457 331 3509 est
412 3463 430 3513 6.
458 3455 536 3526 itane
560 3458 603 3510 est
618 3455 745 3534 „itane
768 3458 811 3510 est
831 3455 897 3528 Rey.
913 3461 1010 3526 12:699
1044 3457 1046 3463 “
1083 3454 1198 3510 medida

188 3527 255 3598 Req.
275 3527 371 3583 Boni.
387 3544 417 3598 p.
433 3533 484 3582 699
