<?xml version="1.0" encoding="UTF-8"?>
<!DOCTYPE html PUBLIC "-//W3C//DTD XHTML 1.0 Transitional//EN"
    "http://www.w3.org/TR/xhtml1/DTD/xhtml1-transitional.dtd">
<html xmlns="http://www.w3.org/1999/xhtml" xml:lang="en" lang="en">
 <head>
  <title>
</title>
<meta http-equiv="Content-Type" content="text/html;charset=utf-8" />
  <meta name='ocr-system' content='tesseract 3.04.00' />
  <meta name='ocr-capabilities' content='ocr_page ocr_carea ocr_par ocr_line ocrx_word'/>
</head>
<body>
  <div class='ocr_page' id='page_1' title='image "./scaenicaeromano07ribbgoog_0390.png"; bbox 0 0 2668 3904; ppageno 0'>
   <div class='ocr_carea' id='block_1_1' title="bbox 463 193 1168 258">
    <p class='ocr_par' dir='ltr' id='par_1_1' title="bbox 463 193 1168 258">
     <span class='ocr_line' id='line_1_1' title="bbox 463 193 1168 258; baseline 0.018 -13"><span class='ocrx_word' id='word_1_1' title='bbox 463 193 660 249; x_wconf 84' lang='lat' dir='ltr'><strong>MARVLLVS</strong></span> <span class='ocrx_word' id='word_1_2' title='bbox 696 194 860 249; x_wconf 80' lang='lat' dir='ltr'>LVCILIVS</span> <span class='ocrx_word' id='word_1_3' title='bbox 1102 195 1168 258; x_wconf 81' lang='grc'><strong>373</strong></span> 
     </span>
    </p>
   </div>
   <div class='ocr_carea' id='block_1_2' title="bbox 153 353 1166 1052">
    <p class='ocr_par' dir='ltr' id='par_1_2' title="bbox 153 353 1166 1052">
     <span class='ocr_line' id='line_1_2' title="bbox 227 353 1166 426; baseline -0.005 -16"><span class='ocrx_word' id='word_1_4' title='bbox 227 354 339 410; x_wconf 81' lang='lat' dir='ltr'><strong>Servius</strong></span> <span class='ocrx_word' id='word_1_5' title='bbox 357 355 388 408; x_wconf 91' lang='lat' dir='ltr'><strong>in</strong></span> <span class='ocrx_word' id='word_1_6' title='bbox 406 355 474 408; x_wconf 90' lang='lat' dir='ltr'><strong>Aen.</strong></span> <span class='ocrx_word' id='word_1_7' title='bbox 489 355 541 409; x_wconf 91' lang='lat' dir='ltr'><strong>VII</strong></span> <span class='ocrx_word' id='word_1_8' title='bbox 558 359 610 407; x_wconf 83' lang='lat'><strong>499</strong></span> <span class='ocrx_word' id='word_1_9' title='bbox 631 355 746 424; x_wconf 81' lang='lat' dir='ltr'><strong>‘perque</strong></span> <span class='ocrx_word' id='word_1_10' title='bbox 764 354 827 426; x_wconf 89' lang='lat' dir='ltr'><strong>ilia]</strong></span> <span class='ocrx_word' id='word_1_11' title='bbox 850 355 904 409; x_wconf 91' lang='lat' dir='ltr'><strong>hoc</strong></span> <span class='ocrx_word' id='word_1_12' title='bbox 922 354 960 409; x_wconf 91' lang='lat' dir='ltr'><strong>ile</strong></span> <span class='ocrx_word' id='word_1_13' title='bbox 979 357 1008 409; x_wconf 94' lang='lat' dir='ltr'><strong>et</strong></span> <span class='ocrx_word' id='word_1_14' title='bbox 1025 355 1097 409; x_wconf 87' lang='lat' dir='ltr'><strong>haec</strong></span> <span class='ocrx_word' id='word_1_15' title='bbox 1114 353 1166 406; x_wconf 89' lang='lat' dir='ltr'><strong>ilia</strong></span> 
     </span>
     <span class='ocr_line' id='line_1_3' title="bbox 155 425 1166 495; baseline -0.002 -15"><span class='ocrx_word' id='word_1_16' title='bbox 155 427 232 482; x_wconf 81' lang='lat' dir='ltr'><strong>facit.</strong></span> <span class='ocrx_word' id='word_1_17' title='bbox 265 426 331 480; x_wconf 92' lang='lat' dir='ltr'><strong>hinc</strong></span> <span class='ocrx_word' id='word_1_18' title='bbox 350 429 379 480; x_wconf 90' lang='lat' dir='ltr'><strong>et</strong></span> <span class='ocrx_word' id='word_1_19' title='bbox 396 425 551 481; x_wconf 88' lang='lat' dir='ltr'><strong>quenalis:</strong></span> <span class='ocrx_word' id='word_1_20' title='bbox 570 425 615 479; x_wconf 87' lang='lat' dir='ltr'><strong>uis</strong></span> <span class='ocrx_word' id='word_1_21' title='bbox 633 426 720 480; x_wconf 89' lang='lat' dir='ltr'><strong>frater</strong></span> <span class='ocrx_word' id='word_1_22' title='bbox 739 425 774 479; x_wconf 85' lang='lat' dir='ltr'><strong>ab</strong></span> <span class='ocrx_word' id='word_1_23' title='bbox 793 425 863 495; x_wconf 87' lang='lat' dir='ltr'><strong>ipsis</strong></span> <span class='ocrx_word' id='word_1_24' title='bbox 877 425 983 481; x_wconf 79' lang='lat' dir='ltr'><strong>Ilibus?</strong></span> <span class='ocrx_word' id='word_1_25' title='bbox 1004 444 1071 480; x_wconf 93' lang='lat' dir='ltr'><strong>nam</strong></span> <span class='ocrx_word' id='word_1_26' title='bbox 1089 425 1166 495; x_wconf 90' lang='lat' dir='ltr'><strong>quod</strong></span> 
     </span>
     <span class='ocr_line' id='line_1_4' title="bbox 155 497 1166 567; baseline -0.002 -15"><span class='ocrx_word' id='word_1_27' title='bbox 155 497 322 552; x_wconf 82' lang='lat' dir='ltr'>Marullus</span> <span class='ocrx_word' id='word_1_28' title='bbox 343 497 598 566; x_wconf 82' lang='lat' dir='ltr'><strong>mimographus</strong></span> <span class='ocrx_word' id='word_1_29' title='bbox 620 497 721 552; x_wconf 88' lang='lat' dir='ltr'><strong>dixit:</strong></span> <span class='ocrx_word' id='word_1_30' title='bbox 746 497 793 550; x_wconf 87' lang='lat' dir='ltr'><strong>tu&#39;</strong></span> <span class='ocrx_word' id='word_1_31' title='bbox 810 513 832 550; x_wconf 92' lang='grc'><strong>6.</strong></span> <span class='ocrx_word' id='word_1_32' title='bbox 849 515 874 565; x_wconf 90' lang='lat' dir='ltr'><strong>q.</strong></span> <span class='ocrx_word' id='word_1_33' title='bbox 890 515 910 552; x_wconf 89' lang='lat' dir='ltr'><strong>s.</strong></span> <span class='ocrx_word' id='word_1_34' title='bbox 945 499 1028 551; x_wconf 83' lang='lat' dir='ltr'><strong>‘cum</strong></span> <span class='ocrx_word' id='word_1_35' title='bbox 1047 498 1087 551; x_wconf 92' lang='lat' dir='ltr'><strong>de</strong></span> <span class='ocrx_word' id='word_1_36' title='bbox 1106 515 1166 567; x_wconf 87' lang='lat' dir='ltr'><strong>gu-</strong></span> 
     </span>
     <span class='ocr_line' id='line_1_5' title="bbox 155 567 1165 639; baseline -0.003 -15"><span class='ocrx_word' id='word_1_37' title='bbox 155 571 229 624; x_wconf 92' lang='lat' dir='ltr'><strong>loso</strong></span> <span class='ocrx_word' id='word_1_38' title='bbox 253 569 397 639; x_wconf 81' lang='lat' dir='ltr'><strong>diceret,</strong></span> <span class='ocrx_word' id='word_1_39' title='bbox 422 567 547 622; x_wconf 75' lang='lat' dir='ltr'><strong>allusit</strong></span> <span class='ocrx_word' id='word_1_40' title='bbox 569 568 611 622; x_wconf 91' lang='lat' dir='ltr'><strong>ad</strong></span> <span class='ocrx_word' id='word_1_41' title='bbox 634 567 796 622; x_wconf 87' lang='lat' dir='ltr'><strong>ciuitatis</strong></span> <span class='ocrx_word' id='word_1_42' title='bbox 814 585 941 623; x_wconf 89' lang='lat' dir='ltr'><strong>nomen.</strong></span> <span class='ocrx_word' id='word_1_43' title='bbox 978 586 1044 622; x_wconf 91' lang='lat' dir='ltr'><strong>nam</strong></span> <span class='ocrx_word' id='word_1_44' title='bbox 1064 569 1106 623; x_wconf 85' lang='lat' dir='ltr'><strong>ab</strong></span> <span class='ocrx_word' id='word_1_45' title='bbox 1124 568 1165 621; x_wconf 94' lang='lat' dir='ltr'><strong>ili</strong></span> 
     </span>
     <span class='ocr_line' id='line_1_6' title="bbox 156 639 1166 712; baseline 0 -18"><span class='ocrx_word' id='word_1_46' title='bbox 156 642 254 696; x_wconf 90' lang='lat' dir='ltr'><strong>debuit</strong></span> <span class='ocrx_word' id='word_1_47' title='bbox 275 640 387 694; x_wconf 90' lang='lat' dir='ltr'><strong>dicere.’</strong></span> <span class='ocrx_word' id='word_1_48' title='bbox 425 640 503 694; x_wconf 86' lang='lat' dir='ltr'>Idem</span> <span class='ocrx_word' id='word_1_49' title='bbox 520 639 550 692; x_wconf 92' lang='lat' dir='ltr'><strong>in</strong></span> <span class='ocrx_word' id='word_1_50' title='bbox 569 639 619 693; x_wconf 91' lang='lat' dir='ltr'><strong>ecl.</strong></span> <span class='ocrx_word' id='word_1_51' title='bbox 634 639 686 694; x_wconf 87' lang='lat' dir='ltr'><strong>VII</strong></span> <span class='ocrx_word' id='word_1_52' title='bbox 705 646 739 693; x_wconf 81' lang='lat'><strong>26</strong></span> <span class='ocrx_word' id='word_1_53' title='bbox 759 640 935 709; x_wconf 71' lang='lat' dir='ltr'><strong>‘rumpantur</strong></span> <span class='ocrx_word' id='word_1_54' title='bbox 952 642 984 694; x_wconf 93' lang='lat' dir='ltr'><strong>ut</strong></span> <span class='ocrx_word' id='word_1_55' title='bbox 1005 639 1068 712; x_wconf 90' lang='lat' dir='ltr'><strong>ilia]</strong></span> <span class='ocrx_word' id='word_1_56' title='bbox 1093 639 1166 694; x_wconf 88' lang='lat' dir='ltr'><strong>sicut</strong></span> 
     </span>
     <span class='ocr_line' id='line_1_7' title="bbox 155 710 1166 779; baseline -0.002 -13"><span class='ocrx_word' id='word_1_57' title='bbox 155 713 242 767; x_wconf 86' lang='lat' dir='ltr'><strong>etiam</strong></span> <span class='ocrx_word' id='word_1_58' title='bbox 260 711 291 765; x_wconf 94' lang='lat' dir='ltr'><strong>in</strong></span> <span class='ocrx_word' id='word_1_59' title='bbox 309 710 433 765; x_wconf 81' lang='lat' dir='ltr'>Aeneide</span> <span class='ocrx_word' id='word_1_60' title='bbox 452 710 586 779; x_wconf 87' lang='lat' dir='ltr'><strong>diximus,</strong></span> <span class='ocrx_word' id='word_1_61' title='bbox 608 711 662 764; x_wconf 91' lang='lat' dir='ltr'><strong>hoc</strong></span> <span class='ocrx_word' id='word_1_62' title='bbox 680 711 718 764; x_wconf 89' lang='lat' dir='ltr'><strong>ile</strong></span> <span class='ocrx_word' id='word_1_63' title='bbox 737 713 766 764; x_wconf 92' lang='lat' dir='ltr'><strong>et</strong></span> <span class='ocrx_word' id='word_1_64' title='bbox 783 711 853 764; x_wconf 85' lang='lat' dir='ltr'><strong>haec</strong></span> <span class='ocrx_word' id='word_1_65' title='bbox 871 710 923 764; x_wconf 85' lang='lat' dir='ltr'><strong>ilia</strong></span> <span class='ocrx_word' id='word_1_66' title='bbox 941 710 1012 764; x_wconf 89' lang='lat' dir='ltr'><strong>facit</strong></span> <span class='ocrx_word' id='word_1_67' title='bbox 1031 756 1036 766; x_wconf 89' lang='lat'>.</span> <span class='ocrx_word' id='word_1_68' title='bbox 1053 755 1058 765; x_wconf 82' lang='lat'><em>.</em></span> <span class='ocrx_word' id='word_1_69' title='bbox 1075 755 1080 765; x_wconf 85' lang='grc'><strong>.</strong></span> <span class='ocrx_word' id='word_1_70' title='bbox 1099 729 1166 765; x_wconf 90' lang='lat' dir='ltr'><strong>nam</strong></span> 
     </span>
     <span class='ocr_line' id='line_1_8' title="bbox 154 781 1164 852; baseline -0.002 -15"><span class='ocrx_word' id='word_1_71' title='bbox 154 783 291 838; x_wconf 82' lang='lat' dir='ltr'><strong>Marullus</strong></span> <span class='ocrx_word' id='word_1_72' title='bbox 319 781 529 852; x_wconf 81' lang='lat' dir='ltr'><strong>mimographus</strong></span> <span class='ocrx_word' id='word_1_73' title='bbox 556 782 726 852; x_wconf 76' lang='lat' dir='ltr'><strong>contempsit</strong></span> <span class='ocrx_word' id='word_1_74' title='bbox 753 784 842 836; x_wconf 90' lang='lat' dir='ltr'><strong>artem</strong></span> <span class='ocrx_word' id='word_1_75' title='bbox 870 782 906 835; x_wconf 87' lang='lat' dir='ltr'><strong>ad</strong></span> <span class='ocrx_word' id='word_1_76' title='bbox 933 781 1026 835; x_wconf 90' lang='lat' dir='ltr'><strong>iocum</strong></span> <span class='ocrx_word' id='word_1_77' title='bbox 1050 799 1164 836; x_wconf 92' lang='lat' dir='ltr'><strong>mouen-</strong></span> 
     </span>
     <span class='ocr_line' id='line_1_9' title="bbox 156 852 1165 923; baseline -0.002 -15"><span class='ocrx_word' id='word_1_78' title='bbox 156 856 235 922; x_wconf 81' lang='lat' dir='ltr'><strong>dum,</strong></span> <span class='ocrx_word' id='word_1_79' title='bbox 264 857 297 908; x_wconf 90' lang='lat' dir='ltr'><strong>et</strong></span> <span class='ocrx_word' id='word_1_80' title='bbox 323 854 479 923; x_wconf 88' lang='lat' dir='ltr'><strong>parasito</strong></span> <span class='ocrx_word' id='word_1_81' title='bbox 506 852 608 908; x_wconf 85' lang='lat' dir='ltr'><strong>dixit:</strong></span> <span class='ocrx_word' id='word_1_82' title='bbox 633 857 670 907; x_wconf 94' lang='lat' dir='ltr'><strong>tu</strong></span> <span class='ocrx_word' id='word_1_83' title='bbox 695 856 732 907; x_wconf 93' lang='lat' dir='ltr'><strong>ut</strong></span> <span class='ocrx_word' id='word_1_84' title='bbox 756 853 883 907; x_wconf 89' lang='lat' dir='ltr'><strong>Hector</strong></span> <span class='ocrx_word' id='word_1_85' title='bbox 910 853 951 906; x_wconf 91' lang='lat' dir='ltr'><strong>ab</strong></span> <span class='ocrx_word' id='word_1_86' title='bbox 978 853 1045 906; x_wconf 83' lang='lat' dir='ltr'><strong>llio</strong></span> <span class='ocrx_word' id='word_1_87' title='bbox 1072 871 1165 906; x_wconf 90' lang='lat' dir='ltr'><strong>num-</strong></span> 
     </span>
     <span class='ocr_line' id='line_1_10' title="bbox 155 923 1166 995; baseline -0.001 -16"><span class='ocrx_word' id='word_1_88' title='bbox 155 944 253 995; x_wconf 88' lang='lat' dir='ltr'><strong>quam</strong></span> <span class='ocrx_word' id='word_1_89' title='bbox 279 924 420 980; x_wconf 85' lang='lat' dir='ltr'><strong>recedis.</strong></span> <span class='ocrx_word' id='word_1_90' title='bbox 465 928 508 980; x_wconf 87' lang='lat' dir='ltr'><strong>est</strong></span> <span class='ocrx_word' id='word_1_91' title='bbox 535 927 630 978; x_wconf 86' lang='lat' dir='ltr'><strong>autem</strong></span> <span class='ocrx_word' id='word_1_92' title='bbox 656 925 710 979; x_wconf 93' lang='lat' dir='ltr'><strong>hoc</strong></span> <span class='ocrx_word' id='word_1_93' title='bbox 738 924 845 978; x_wconf 90' lang='lat' dir='ltr'><strong>dictum</strong></span> <span class='ocrx_word' id='word_1_94' title='bbox 871 941 922 994; x_wconf 85' lang='lat' dir='ltr'><strong>per</strong></span> <span class='ocrx_word' id='word_1_95' title='bbox 949 923 1166 978; x_wconf 77' lang='lat' dir='ltr'><strong>amaritudinem</strong></span> 
     </span>
     <span class='ocr_line' id='line_1_11' title="bbox 153 997 308 1052; baseline 0 -2"><span class='ocrx_word' id='word_1_96' title='bbox 153 997 308 1052; x_wconf 63' lang='lat' dir='ltr'><strong>rusticam?</strong></span> 
     </span>
    </p>
   </div>
   <div class='ocr_carea' id='block_1_3' title="bbox 154 1101 1166 1313">
    <p class='ocr_par' dir='ltr' id='par_1_3' title="bbox 154 1101 1166 1313">
     <span class='ocr_line' id='line_1_12' title="bbox 226 1101 1165 1174; baseline 0 -18"><span class='ocrx_word' id='word_1_97' title='bbox 226 1103 348 1158; x_wconf 81' lang='lat' dir='ltr'><strong>Marulli</strong></span> <span class='ocrx_word' id='word_1_98' title='bbox 361 1103 441 1158; x_wconf 80' lang='lat' dir='ltr'><strong>cerba</strong></span> <span class='ocrx_word' id='word_1_99' title='bbox 454 1104 486 1156; x_wconf 79' lang='lat' dir='ltr'><strong>ta</strong></span> <span class='ocrx_word' id='word_1_100' title='bbox 499 1105 620 1158; x_wconf 78' lang='lat' dir='ltr'><strong>senarios</strong></span> <span class='ocrx_word' id='word_1_101' title='bbox 632 1104 736 1174; x_wconf 72' lang='lat' dir='ltr'><strong>redeptt</strong></span> <span class='ocrx_word' id='word_1_102' title='bbox 748 1103 867 1158; x_wconf 79' lang='lat' dir='ltr'><strong>Bottius</strong></span> <span class='ocrx_word' id='word_1_103' title='bbox 920 1101 1033 1156; x_wconf 89' lang='lat' dir='ltr'><strong>imitare</strong></span> <span class='ocrx_word' id='word_1_104' title='bbox 1050 1103 1082 1157; x_wconf 75' lang='lat' dir='ltr'><strong>G.</strong></span> <span class='ocrx_word' id='word_1_105' title='bbox 1093 1103 1165 1156; x_wconf 83' lang='lat' dir='ltr'><strong>Her-</strong></span> 
     </span>
     <span class='ocr_line' id='line_1_13' title="bbox 155 1173 1166 1242; baseline -0.002 -13"><span class='ocrx_word' id='word_1_106' title='bbox 155 1192 274 1230; x_wconf 74' lang='lat' dir='ltr'><strong>mannus</strong></span> <span class='ocrx_word' id='word_1_107' title='bbox 296 1173 416 1228; x_wconf 84' lang='lat' dir='ltr'><strong>imitaris</strong></span> <span class='ocrx_word' id='word_1_108' title='bbox 435 1173 545 1229; x_wconf 78' lang='lat' dir='ltr'><strong>Seruius</strong></span> <span class='ocrx_word' id='word_1_109' title='bbox 564 1175 620 1228; x_wconf 80' lang='lat' dir='ltr'><strong>loeo</strong></span> <span class='ocrx_word' id='word_1_110' title='bbox 639 1177 746 1242; x_wconf 81' lang='lat' dir='ltr'><strong>priore:</strong></span> <span class='ocrx_word' id='word_1_111' title='bbox 768 1176 853 1228; x_wconf 81' lang='lat' dir='ltr'><strong>altero</strong></span> <span class='ocrx_word' id='word_1_112' title='bbox 876 1191 942 1231; x_wconf 79' lang='lat' dir='ltr'><strong>usuc</strong></span> <span class='ocrx_word' id='word_1_113' title='bbox 962 1175 1115 1228; x_wconf 75' lang='lat' dir='ltr'><strong>testimonio</strong></span> <span class='ocrx_word' id='word_1_114' title='bbox 1133 1176 1166 1227; x_wconf 90' lang='lat' dir='ltr'><strong>ut</strong></span> 
     </span>
     <span class='ocr_line' id='line_1_14' title="bbox 154 1244 1026 1313; baseline 0.002 -15"><span class='ocrx_word' id='word_1_115' title='bbox 154 1246 258 1300; x_wconf 73' lang='lat' dir='ltr'><strong>Hector</strong></span> <span class='ocrx_word' id='word_1_116' title='bbox 276 1248 308 1300; x_wconf 91' lang='lat' dir='ltr'><strong>tu</strong></span> <span class='ocrx_word' id='word_1_117' title='bbox 326 1245 433 1300; x_wconf 83' lang='lat' dir='ltr'><strong>recedis</strong></span> <span class='ocrx_word' id='word_1_118' title='bbox 451 1262 605 1313; x_wconf 88' lang='lat' dir='ltr'><strong>numquam</strong></span> <span class='ocrx_word' id='word_1_119' title='bbox 624 1245 660 1298; x_wconf 89' lang='lat' dir='ltr'><strong>ab</strong></span> <span class='ocrx_word' id='word_1_120' title='bbox 679 1244 732 1298; x_wconf 90' lang='lat' dir='ltr'><strong>Ilio</strong></span> <span class='ocrx_word' id='word_1_121' title='bbox 751 1247 946 1300; x_wconf 78' lang='lat' dir='ltr'><strong>commendavit</strong></span> <span class='ocrx_word' id='word_1_122' title='bbox 964 1246 1026 1300; x_wconf 74' lang='lat' dir='ltr'><strong>Bae</strong></span> 
     </span>
    </p>
   </div>
   <div class='ocr_carea' id='block_1_4' title="bbox 153 1449 1167 2062">
    <p class='ocr_par' dir='ltr' id='par_1_4' title="bbox 153 1449 1167 2062">
     <span class='ocr_line' id='line_1_15' title="bbox 642 1449 675 1507; baseline 0 0"><span class='ocrx_word' id='word_1_123' title='bbox 642 1449 675 1507; x_wconf 93' lang='grc' dir='ltr'>Π</span> 
     </span>
     <span class='ocr_line' id='line_1_16' title="bbox 221 1548 1165 1636; baseline -0.001 -21"><span class='ocrx_word' id='word_1_124' title='bbox 221 1549 323 1615; x_wconf 88' lang='lat' dir='ltr'><strong>Iulius</strong></span> <span class='ocrx_word' id='word_1_125' title='bbox 346 1548 547 1635; x_wconf 76' lang='lat' dir='ltr'><strong>Capitolinus</strong></span> <span class='ocrx_word' id='word_1_126' title='bbox 569 1551 604 1614; x_wconf 90' lang='lat' dir='ltr'><strong>in</strong></span> <span class='ocrx_word' id='word_1_127' title='bbox 626 1549 693 1614; x_wconf 84' lang='lat' dir='ltr'><strong>vita</strong></span> <span class='ocrx_word' id='word_1_128' title='bbox 711 1549 869 1615; x_wconf 86' lang='lat' dir='ltr'><strong>Antonini</strong></span> <span class='ocrx_word' id='word_1_129' title='bbox 891 1550 1078 1636; x_wconf 89' lang='lat' dir='ltr'><strong>philosophi</strong></span> <span class='ocrx_word' id='word_1_130' title='bbox 1101 1571 1125 1614; x_wconf 90' lang='lat' dir='ltr'><strong>c.</strong></span> <span class='ocrx_word' id='word_1_131' title='bbox 1146 1550 1165 1614; x_wconf 86' lang='lat'>8</span> 
     </span>
     <span class='ocr_line' id='line_1_17' title="bbox 155 1641 1167 1744; baseline -0.002 -22"><span class='ocrx_word' id='word_1_132' title='bbox 155 1659 274 1743; x_wconf 79' lang='lat' dir='ltr'><strong>‘adepti</strong></span> <span class='ocrx_word' id='word_1_133' title='bbox 303 1641 478 1742; x_wconf 90' lang='lat' dir='ltr'><strong>imperium</strong></span> <span class='ocrx_word' id='word_1_134' title='bbox 509 1657 557 1721; x_wconf 91' lang='lat' dir='ltr'><strong>ita</strong></span> <span class='ocrx_word' id='word_1_135' title='bbox 589 1657 729 1722; x_wconf 88' lang='lat' dir='ltr'><strong>ciuiliter</strong></span> <span class='ocrx_word' id='word_1_136' title='bbox 760 1679 794 1722; x_wconf 83' lang='lat' dir='ltr'><strong>se</strong></span> <span class='ocrx_word' id='word_1_137' title='bbox 824 1657 919 1722; x_wconf 88' lang='lat' dir='ltr'><strong>ambo</strong></span> <span class='ocrx_word' id='word_1_138' title='bbox 950 1661 1099 1744; x_wconf 84' lang='lat' dir='ltr'><strong>egerunt,</strong></span> <span class='ocrx_word' id='word_1_139' title='bbox 1129 1660 1167 1721; x_wconf 89' lang='lat' dir='ltr'><strong>ut</strong></span> 
     </span>
     <span class='ocr_line' id='line_1_18' title="bbox 153 1763 1167 1850; baseline -0.001 -21"><span class='ocrx_word' id='word_1_140' title='bbox 153 1766 319 1830; x_wconf 87' lang='lat' dir='ltr'><strong>lenitatem</strong></span> <span class='ocrx_word' id='word_1_141' title='bbox 341 1763 394 1828; x_wconf 91' lang='lat' dir='ltr'><strong>Pii</strong></span> <span class='ocrx_word' id='word_1_142' title='bbox 416 1787 510 1829; x_wconf 93' lang='lat' dir='ltr'><strong>nemo</strong></span> <span class='ocrx_word' id='word_1_143' title='bbox 535 1764 736 1850; x_wconf 77' lang='lat' dir='ltr'><strong>desideraret,</strong></span> <span class='ocrx_word' id='word_1_144' title='bbox 764 1787 836 1829; x_wconf 92' lang='lat' dir='ltr'><strong>cum</strong></span> <span class='ocrx_word' id='word_1_145' title='bbox 860 1787 913 1829; x_wconf 86' lang='lat' dir='ltr'><strong>eos</strong></span> <span class='ocrx_word' id='word_1_146' title='bbox 936 1763 1093 1829; x_wconf 87' lang='lat' dir='ltr'><strong>Marullus</strong></span> <span class='ocrx_word' id='word_1_147' title='bbox 1117 1764 1167 1828; x_wconf 90' lang='lat' dir='ltr'><strong>sui</strong></span> 
     </span>
     <span class='ocr_line' id='line_1_19' title="bbox 154 1870 1167 1957; baseline -0.003 -21"><span class='ocrx_word' id='word_1_148' title='bbox 154 1872 309 1956; x_wconf 90' lang='lat' dir='ltr'><strong>temporis</strong></span> <span class='ocrx_word' id='word_1_149' title='bbox 336 1870 579 1957; x_wconf 81' lang='lat' dir='ltr'><strong>mimographus</strong></span> <span class='ocrx_word' id='word_1_150' title='bbox 609 1871 789 1944; x_wconf 87' lang='lat' dir='ltr'><strong>cauillando</strong></span> <span class='ocrx_word' id='word_1_151' title='bbox 822 1872 941 1956; x_wconf 91' lang='lat' dir='ltr'><strong>inpune</strong></span> <span class='ocrx_word' id='word_1_152' title='bbox 973 1871 1167 1957; x_wconf 83' lang='lat' dir='ltr'><strong>perstringe-</strong></span> 
     </span>
     <span class='ocr_line' id='line_1_20' title="bbox 153 1977 850 2062; baseline 0.001 -20"><span class='ocrx_word' id='word_1_153' title='bbox 153 1980 222 2043; x_wconf 84' lang='lat' dir='ltr'><strong>ret&#39;</strong></span> <span class='ocrx_word' id='word_1_154' title='bbox 262 1977 308 2042; x_wconf 75' lang='lat' dir='ltr'><strong>Of.</strong></span> <span class='ocrx_word' id='word_1_155' title='bbox 331 1982 497 2062; x_wconf 84' lang='lat' dir='ltr'><strong>praeterea</strong></span> <span class='ocrx_word' id='word_1_156' title='bbox 520 2001 612 2043; x_wconf 82' lang='lat' dir='ltr'><strong>anon.</strong></span> <span class='ocrx_word' id='word_1_157' title='bbox 630 1979 718 2042; x_wconf 93' lang='lat' dir='ltr'><strong>mim.</strong></span> <span class='ocrx_word' id='word_1_158' title='bbox 737 1979 776 2043; x_wconf 82' lang='lat' dir='ltr'><strong>fr.</strong></span> <span class='ocrx_word' id='word_1_159' title='bbox 795 1978 850 2044; x_wconf 90' lang='lat' dir='ltr'><strong>XI.</strong></span> 
     </span>
    </p>
   </div>
   <div class='ocr_carea' id='block_1_5' title="bbox 433 2305 885 2391">
    <p class='ocr_par' dir='ltr' id='par_1_5' title="bbox 433 2305 885 2391">
     <span class='ocr_line' id='line_1_21' title="bbox 433 2305 885 2391; baseline 0.009 -3"><span class='ocrx_word' id='word_1_160' title='bbox 433 2305 885 2391; x_wconf 81' lang='lat' dir='ltr'><strong>hVGIhIVS</strong></span> 
     </span>
    </p>
   </div>
   <div class='ocr_carea' id='block_1_6' title="bbox 153 2488 1166 2899">
    <p class='ocr_par' dir='ltr' id='par_1_6' title="bbox 153 2488 1166 2899">
     <span class='ocr_line' id='line_1_22' title="bbox 226 2488 1164 2558; baseline 0 -15"><span class='ocrx_word' id='word_1_161' title='bbox 226 2488 331 2543; x_wconf 83' lang='lat' dir='ltr'><strong>Seneca</strong></span> <span class='ocrx_word' id='word_1_162' title='bbox 354 2488 435 2558; x_wconf 88' lang='lat' dir='ltr'><strong>epist.</strong></span> <span class='ocrx_word' id='word_1_163' title='bbox 455 2494 480 2558; x_wconf 87' lang='lat'><strong>8,</strong></span> <span class='ocrx_word' id='word_1_164' title='bbox 500 2495 516 2542; x_wconf 86' lang='lat'><strong>9</strong></span> <span class='ocrx_word' id='word_1_165' title='bbox 541 2489 676 2543; x_wconf 84' lang='lat' dir='ltr'><strong>‘alienum</strong></span> <span class='ocrx_word' id='word_1_166' title='bbox 700 2492 743 2544; x_wconf 86' lang='lat' dir='ltr'><strong>est</strong></span> <span class='ocrx_word' id='word_1_167' title='bbox 766 2507 859 2558; x_wconf 92' lang='lat' dir='ltr'><strong>omne,</strong></span> <span class='ocrx_word' id='word_1_168' title='bbox 883 2489 1018 2558; x_wconf 90' lang='lat' dir='ltr'><strong>quioquid</strong></span> <span class='ocrx_word' id='word_1_169' title='bbox 1041 2490 1164 2558; x_wconf 89' lang='lat' dir='ltr'><strong>optando</strong></span> 
     </span>
     <span class='ocr_line' id='line_1_23' title="bbox 154 2559 1164 2632; baseline -0.002 -18"><span class='ocrx_word' id='word_1_170' title='bbox 154 2559 250 2614; x_wconf 90' lang='lat' dir='ltr'><strong>euenit</strong></span> <span class='ocrx_word' id='word_1_171' title='bbox 269 2559 344 2632; x_wconf 82' lang='lat' dir='ltr'><strong>[Syri</strong></span> <span class='ocrx_word' id='word_1_172' title='bbox 358 2561 475 2632; x_wconf 89' lang='lat' dir='ltr'><strong>sent.1].</strong></span> <span class='ocrx_word' id='word_1_173' title='bbox 504 2561 579 2615; x_wconf 93' lang='lat' dir='ltr'><strong>hunc</strong></span> <span class='ocrx_word' id='word_1_174' title='bbox 598 2577 709 2615; x_wconf 89' lang='lat' dir='ltr'><strong>uersum</strong></span> <span class='ocrx_word' id='word_1_175' title='bbox 729 2578 746 2614; x_wconf 87' lang='lat' dir='ltr'><strong>a</strong></span> <span class='ocrx_word' id='word_1_176' title='bbox 763 2563 792 2615; x_wconf 91' lang='lat' dir='ltr'><strong>te</strong></span> <span class='ocrx_word' id='word_1_177' title='bbox 812 2560 868 2616; x_wconf 92' lang='lat' dir='ltr'><strong>dici</strong></span> <span class='ocrx_word' id='word_1_178' title='bbox 886 2578 943 2615; x_wconf 94' lang='lat' dir='ltr'><strong>non</strong></span> <span class='ocrx_word' id='word_1_179' title='bbox 961 2559 1046 2629; x_wconf 88' lang='lat' dir='ltr'><strong>paulo</strong></span> <span class='ocrx_word' id='word_1_180' title='bbox 1065 2559 1164 2613; x_wconf 90' lang='lat' dir='ltr'><strong>melius</strong></span> 
     </span>
     <span class='ocr_line' id='line_1_24' title="bbox 154 2629 1166 2701; baseline 0 -17"><span class='ocrx_word' id='word_1_181' title='bbox 154 2632 204 2685; x_wconf 87' lang='lat' dir='ltr'><strong>sed</strong></span> <span class='ocrx_word' id='word_1_182' title='bbox 223 2629 384 2685; x_wconf 88' lang='lat' dir='ltr'><strong>adstrictius</strong></span> <span class='ocrx_word' id='word_1_183' title='bbox 403 2631 530 2687; x_wconf 88' lang='lat' dir='ltr'><strong>memini:</strong></span> <span class='ocrx_word' id='word_1_184' title='bbox 551 2649 616 2686; x_wconf 92' lang='lat' dir='ltr'><strong>non</strong></span> <span class='ocrx_word' id='word_1_185' title='bbox 640 2635 693 2686; x_wconf 83' lang='lat' dir='ltr'><strong>est</strong></span> <span class='ocrx_word' id='word_1_186' title='bbox 715 2634 819 2686; x_wconf 88' lang='lat' dir='ltr'><strong>tuum&#39;</strong></span> <span class='ocrx_word' id='word_1_187' title='bbox 835 2649 858 2687; x_wconf 90' lang='lat' dir='ltr'><strong>e.</strong></span> <span class='ocrx_word' id='word_1_188' title='bbox 873 2650 899 2701; x_wconf 94' lang='lat' dir='ltr'><strong>q.</strong></span> <span class='ocrx_word' id='word_1_189' title='bbox 915 2650 936 2688; x_wconf 89' lang='lat' dir='ltr'><strong>s.</strong></span> <span class='ocrx_word' id='word_1_190' title='bbox 971 2631 1060 2684; x_wconf 88' lang='lat' dir='ltr'><strong>‘Illud</strong></span> <span class='ocrx_word' id='word_1_191' title='bbox 1079 2630 1166 2686; x_wconf 87' lang='lat' dir='ltr'><strong>etism</strong></span> 
     </span>
     <span class='ocr_line' id='line_1_25' title="bbox 153 2701 1162 2773; baseline 0.001 -19"><span class='ocrx_word' id='word_1_192' title='bbox 153 2719 227 2756; x_wconf 90' lang='lat' dir='ltr'><strong>nunc</strong></span> <span class='ocrx_word' id='word_1_193' title='bbox 258 2701 359 2756; x_wconf 90' lang='lat' dir='ltr'><strong>melius</strong></span> <span class='ocrx_word' id='word_1_194' title='bbox 390 2702 497 2756; x_wconf 90' lang='lat' dir='ltr'><strong>dictum</strong></span> <span class='ocrx_word' id='word_1_195' title='bbox 525 2720 542 2756; x_wconf 89' lang='lat' dir='ltr'><strong>a</strong></span> <span class='ocrx_word' id='word_1_196' title='bbox 567 2707 597 2758; x_wconf 90' lang='lat' dir='ltr'><strong>te</strong></span> <span class='ocrx_word' id='word_1_197' title='bbox 626 2721 683 2758; x_wconf 94' lang='lat' dir='ltr'><strong>non</strong></span> <span class='ocrx_word' id='word_1_198' title='bbox 713 2703 886 2773; x_wconf 88' lang='lat' dir='ltr'><strong>praeteribo:</strong></span> <span class='ocrx_word' id='word_1_199' title='bbox 919 2703 994 2757; x_wconf 88' lang='lat' dir='ltr'><strong>dari</strong></span> <span class='ocrx_word' id='word_1_200' title='bbox 1025 2704 1162 2757; x_wconf 91' lang='lat' dir='ltr'><strong>bonum’</strong></span> 
     </span>
     <span class='ocr_line' id='line_1_26' title="bbox 153 2773 1164 2899; baseline 0.001 -72"><span class='ocrx_word' id='word_1_201' title='bbox 153 2790 218 2842; x_wconf 86' lang='lat' dir='ltr'><strong>eq.</strong></span> <span class='ocrx_word' id='word_1_202' title='bbox 235 2791 255 2829; x_wconf 88' lang='lat' dir='ltr'><strong>s.</strong></span> <span class='ocrx_word' id='word_1_203' title='bbox 288 2773 474 2899; x_wconf 40' lang='lat' dir='ltr'><strong>&amp;Vettulemnt</strong></span> <span class='ocrx_word' id='word_1_204' title='bbox 491 2773 566 2828; x_wconf 89' lang='lat' dir='ltr'><strong>inter</strong></span> <span class='ocrx_word' id='word_1_205' title='bbox 583 2774 759 2829; x_wconf 87' lang='lat' dir='ltr'><strong>Publilianas</strong></span> <span class='ocrx_word' id='word_1_206' title='bbox 778 2775 946 2831; x_wconf 85' lang='lat' dir='ltr'><strong>sententias:</strong></span> <span class='ocrx_word' id='word_1_207' title='bbox 966 2775 1000 2829; x_wconf 90' lang='lat' dir='ltr'><strong>cf.</strong></span> <span class='ocrx_word' id='word_1_208' title='bbox 1016 2777 1086 2829; x_wconf 82' lang='lat' dir='ltr'><strong>sent.</strong></span> <span class='ocrx_word' id='word_1_209' title='bbox 1101 2773 1164 2828; x_wconf 87' lang='lat' dir='ltr'><strong>fals.</strong></span> 
     </span>
    </p>
   </div>
   <div class='ocr_carea' id='block_1_7' title="bbox 480 3014 835 3075">
    <p class='ocr_par' dir='ltr' id='par_1_7' title="bbox 480 3014 835 3075">
     <span class='ocr_line' id='line_1_27' title="bbox 480 3014 835 3075; baseline 0 -2"><span class='ocrx_word' id='word_1_210' title='bbox 480 3014 644 3074; x_wconf 81' lang='lat' dir='ltr'>INOERTI</span> <span class='ocrx_word' id='word_1_211' title='bbox 666 3014 835 3075; x_wconf 83' lang='lat' dir='ltr'><strong>NOMINIS</strong></span> 
     </span>
    </p>
   </div>
   <div class='ocr_carea' id='block_1_8' title="bbox 152 3141 914 3327">
    <p class='ocr_par' dir='ltr' id='par_1_8' title="bbox 152 3141 914 3327">
     <span class='ocr_line' id='line_1_28' title="bbox 652 3141 668 3198; baseline 0 0"><span class='ocrx_word' id='word_1_212' title='bbox 652 3141 668 3198; x_wconf 92' lang='lat' dir='ltr'>I</span> 
     </span>
     <span class='ocr_line' id='line_1_29' title="bbox 152 3223 914 3327; baseline 0.001 -21"><span class='ocrx_word' id='word_1_213' title='bbox 152 3239 228 3306; x_wconf 89' lang='lat' dir='ltr'><strong>Non</strong></span> <span class='ocrx_word' id='word_1_214' title='bbox 251 3223 428 3327; x_wconf 71' lang='lat' dir='ltr'><strong>ditinum,</strong></span> <span class='ocrx_word' id='word_1_215' title='bbox 451 3241 582 3307; x_wconf 79' lang='lat' dir='ltr'><strong>fortuna</strong></span> <span class='ocrx_word' id='word_1_216' title='bbox 605 3242 691 3326; x_wconf 92' lang='lat' dir='ltr'><strong>quod</strong></span> <span class='ocrx_word' id='word_1_217' title='bbox 713 3241 791 3306; x_wconf 85' lang='lat' dir='ltr'><strong>fecit</strong></span> <span class='ocrx_word' id='word_1_218' title='bbox 813 3246 914 3307; x_wconf 89' lang='lat' dir='ltr'><strong>tuum.</strong></span> 
     </span>
    </p>
   </div>
   <div class='ocr_carea' id='block_1_9' title="bbox 152 3461 910 3650">
    <p class='ocr_par' dir='ltr' id='par_1_9' title="bbox 152 3461 910 3650">
     <span class='ocr_line' id='line_1_30' title="bbox 644 3461 676 3520; baseline 0 0"><span class='ocrx_word' id='word_1_219' title='bbox 644 3461 676 3520; x_wconf 92' lang='grc' dir='ltr'><strong>Π</strong></span> 
     </span>
     <span class='ocr_line' id='line_1_31' title="bbox 152 3557 910 3650; baseline 0.007 -26"><span class='ocrx_word' id='word_1_220' title='bbox 152 3557 234 3625; x_wconf 84' lang='lat' dir='ltr'><strong>Dari</strong></span> <span class='ocrx_word' id='word_1_221' title='bbox 255 3561 376 3626; x_wconf 91' lang='lat' dir='ltr'><strong>bonum</strong></span> <span class='ocrx_word' id='word_1_222' title='bbox 400 3562 486 3647; x_wconf 87' lang='lat' dir='ltr'><strong>quod</strong></span> <span class='ocrx_word' id='word_1_223' title='bbox 508 3564 629 3650; x_wconf 80' lang='lat' dir='ltr'><strong>potuit,</strong></span> <span class='ocrx_word' id='word_1_224' title='bbox 653 3563 776 3629; x_wconf 81' lang='lat' dir='ltr'><strong>auferri</strong></span> <span class='ocrx_word' id='word_1_225' title='bbox 794 3567 910 3649; x_wconf 87' lang='lat' dir='ltr'><strong>potest.</strong></span> 
     </span>
    </p>
   </div>
   <div class='ocr_carea' id='block_1_10' title="bbox 0 0 1338 3904">
    <p class='ocr_par' dir='ltr' id='par_1_10' title="bbox 0 0 1338 3904">
     <span class='ocr_line' id='line_1_32' title="bbox 0 0 1338 3904; baseline 0 0"><span class='ocrx_word' id='word_1_226' title='bbox 0 0 1338 3904; x_wconf 95' lang='lat' dir='ltr'><strong> </strong></span> 
     </span>
    </p>
   </div>
  </div>
 </body>
</html>
