<?xml version="1.0" encoding="UTF-8"?>
<!DOCTYPE html PUBLIC "-//W3C//DTD XHTML 1.0 Transitional//EN"
    "http://www.w3.org/TR/xhtml1/DTD/xhtml1-transitional.dtd">
<html xmlns="http://www.w3.org/1999/xhtml" xml:lang="en" lang="en">
 <head>
  <title>
</title>
<meta http-equiv="Content-Type" content="text/html;charset=utf-8" />
  <meta name='ocr-system' content='tesseract 3.04.00' />
  <meta name='ocr-capabilities' content='ocr_page ocr_carea ocr_par ocr_line ocrx_word'/>
</head>
<body>
  <div class='ocr_page' id='page_1' title='image "./scaenicaeromano07ribbgoog_0091.png"; bbox 0 0 2686 3910; ppageno 0'>
   <div class='ocr_carea' id='block_1_1' title="bbox 186 163 871 249">
    <p class='ocr_par' dir='ltr' id='par_1_1' title="bbox 186 163 871 249">
     <span class='ocr_line' id='line_1_1' title="bbox 186 163 871 249; baseline 0.004 -9"><span class='ocrx_word' id='word_1_1' title='bbox 186 185 229 249; x_wconf 73' lang='lat'><strong>74</strong></span> <span class='ocrx_word' id='word_1_2' title='bbox 290 163 292 168; x_wconf 82' lang='grc'><strong>’</strong></span> <span class='ocrx_word' id='word_1_3' title='bbox 514 183 700 242; x_wconf 77' lang='lat' dir='ltr'><strong>eunomius</strong></span> <span class='ocrx_word' id='word_1_4' title='bbox 718 185 871 242; x_wconf 73' lang='lat' dir='ltr'><strong>suiuus</strong></span> 
     </span>
    </p>
   </div>
   <div class='ocr_carea' id='block_1_2' title="bbox 185 335 1022 539">
    <p class='ocr_par' dir='ltr' id='par_1_2' title="bbox 185 335 1022 539">
     <span class='ocr_line' id='line_1_2' title="bbox 191 335 1022 448; baseline 0 -34"><span class='ocrx_word' id='word_1_5' title='bbox 191 348 253 414; x_wconf 88' lang='lat' dir='ltr'><strong>Cui</strong></span> <span class='ocrx_word' id='word_1_6' title='bbox 275 349 406 448; x_wconf 80' lang='lat' dir='ltr'><strong>fortuna</strong></span> <span class='ocrx_word' id='word_1_7' title='bbox 429 353 462 414; x_wconf 89' lang='lat' dir='ltr'><strong>et</strong></span> <span class='ocrx_word' id='word_1_8' title='bbox 483 371 534 414; x_wconf 85' lang='lat' dir='ltr'><strong>res</strong></span> <span class='ocrx_word' id='word_1_9' title='bbox 557 335 643 414; x_wconf 81' lang='lat' dir='ltr'><strong>mida</strong></span> <span class='ocrx_word' id='word_1_10' title='bbox 666 354 727 436; x_wconf 88' lang='lat' dir='ltr'><strong>est,</strong></span> <span class='ocrx_word' id='word_1_11' title='bbox 749 350 902 415; x_wconf 78' lang='lat' dir='ltr'><strong>continuo</strong></span> <span class='ocrx_word' id='word_1_12' title='bbox 925 351 1022 434; x_wconf 87' lang='lat' dir='ltr'><strong>patet.</strong></span> 
     </span>
     <span class='ocr_line' id='line_1_3' title="bbox 185 451 998 539; baseline -0.002 -17"><span class='ocrx_word' id='word_1_13' title='bbox 185 451 271 522; x_wconf 87' lang='lat' dir='ltr'><strong>Nam</strong></span> <span class='ocrx_word' id='word_1_14' title='bbox 295 455 447 539; x_wconf 74' lang='lat' dir='ltr'><strong>opulento</strong></span> <span class='ocrx_word' id='word_1_15' title='bbox 470 455 589 520; x_wconf 88' lang='lat' dir='ltr'><strong>famam</strong></span> <span class='ocrx_word' id='word_1_16' title='bbox 612 455 705 521; x_wconf 72' lang='lat' dir='ltr'><strong>facile</strong></span> <span class='ocrx_word' id='word_1_17' title='bbox 729 455 868 521; x_wconf 85' lang='lat' dir='ltr'><strong>occultat</strong></span> <span class='ocrx_word' id='word_1_18' title='bbox 890 455 998 520; x_wconf 78' lang='lat' dir='ltr'><strong>factio</strong></span> 
     </span>
    </p>
   </div>
   <div class='ocr_carea' id='block_1_3' title="bbox 184 571 1199 1074">
    <p class='ocr_par' dir='ltr' id='par_1_3' title="bbox 184 571 1199 1074">
     <span class='ocr_line' id='line_1_4' title="bbox 262 571 1197 648; baseline 0.001 -18"><span class='ocrx_word' id='word_1_19' title='bbox 262 571 370 648; x_wconf 75' lang='lat' dir='ltr'>Gellius</span> <span class='ocrx_word' id='word_1_20' title='bbox 388 577 414 630; x_wconf 84' lang='lat'><strong>11</strong></span> <span class='ocrx_word' id='word_1_21' title='bbox 433 583 479 646; x_wconf 78' lang='lat'><strong>23,</strong></span> <span class='ocrx_word' id='word_1_22' title='bbox 500 583 534 631; x_wconf 84' lang='lat'><strong>14</strong></span> <span class='ocrx_word' id='word_1_23' title='bbox 559 577 639 645; x_wconf 91' lang='lat' dir='ltr'><strong>‘quid</strong></span> <span class='ocrx_word' id='word_1_24' title='bbox 665 577 700 632; x_wconf 90' lang='lat' dir='ltr'><strong>de</strong></span> <span class='ocrx_word' id='word_1_25' title='bbox 725 577 775 632; x_wconf 90' lang='lat' dir='ltr'><strong>illo</strong></span> <span class='ocrx_word' id='word_1_26' title='bbox 801 591 911 646; x_wconf 88' lang='lat' dir='ltr'><strong>quoque</strong></span> <span class='ocrx_word' id='word_1_27' title='bbox 936 575 998 630; x_wconf 87' lang='lat' dir='ltr'><strong>loco</strong></span> <span class='ocrx_word' id='word_1_28' title='bbox 1023 577 1053 630; x_wconf 90' lang='lat' dir='ltr'><strong>in</strong></span> <span class='ocrx_word' id='word_1_29' title='bbox 1078 579 1197 646; x_wconf 85' lang='lat' dir='ltr'><strong>utraque</strong></span> 
     </span>
     <span class='ocr_line' id='line_1_5' title="bbox 186 647 1199 718; baseline 0 -16"><span class='ocrx_word' id='word_1_30' title='bbox 186 647 335 702; x_wconf 77' lang='lat' dir='ltr'><strong>comoedia</strong></span> <span class='ocrx_word' id='word_1_31' title='bbox 357 647 451 716; x_wconf 90' lang='lat' dir='ltr'><strong>posito</strong></span> <span class='ocrx_word' id='word_1_32' title='bbox 476 647 631 702; x_wconf 84' lang='lat' dir='ltr'><strong>existimari</strong></span> <span class='ocrx_word' id='word_1_33' title='bbox 649 649 753 703; x_wconf 88' lang='lat' dir='ltr'><strong>debeat</strong></span> <span class='ocrx_word' id='word_1_34' title='bbox 770 647 952 702; x_wconf 80' lang='lat' dir='ltr'><strong>manifestum</strong></span> <span class='ocrx_word' id='word_1_35' title='bbox 970 649 1026 718; x_wconf 88' lang='lat' dir='ltr'><strong>est,</strong></span> <span class='ocrx_word' id='word_1_36' title='bbox 1045 647 1123 702; x_wconf 86' lang='lat' dir='ltr'><strong>ouius</strong></span> <span class='ocrx_word' id='word_1_37' title='bbox 1142 648 1199 702; x_wconf 88' lang='lat' dir='ltr'><strong>loci</strong></span> 
     </span>
     <span class='ocr_line' id='line_1_6' title="bbox 188 717 1198 788; baseline 0.001 -16"><span class='ocrx_word' id='word_1_38' title='bbox 188 719 259 772; x_wconf 88' lang='lat' dir='ltr'><strong>haec</strong></span> <span class='ocrx_word' id='word_1_39' title='bbox 278 717 365 772; x_wconf 83' lang='lat' dir='ltr'><strong>ferme</strong></span> <span class='ocrx_word' id='word_1_40' title='bbox 385 719 533 774; x_wconf 85' lang='lat' dir='ltr'><strong>sententia.</strong></span> <span class='ocrx_word' id='word_1_41' title='bbox 570 717 664 774; x_wconf 79' lang='lat' dir='ltr'><strong>Filia</strong></span> <span class='ocrx_word' id='word_1_42' title='bbox 681 719 828 774; x_wconf 86' lang='lat' dir='ltr'><strong>hominis</strong></span> <span class='ocrx_word' id='word_1_43' title='bbox 849 719 1012 788; x_wconf 88' lang='lat' dir='ltr'><strong>pauperis</strong></span> <span class='ocrx_word' id='word_1_44' title='bbox 1030 718 1065 772; x_wconf 89' lang='lat' dir='ltr'><strong>in</strong></span> <span class='ocrx_word' id='word_1_45' title='bbox 1082 719 1198 788; x_wconf 87' lang='lat' dir='ltr'><strong>perui-</strong></span> 
     </span>
     <span class='ocr_line' id='line_1_7' title="bbox 187 789 1198 872; baseline 0.003 -30"><span class='ocrx_word' id='word_1_46' title='bbox 187 789 275 860; x_wconf 86' lang='lat' dir='ltr'>gilio</span> <span class='ocrx_word' id='word_1_47' title='bbox 294 789 426 844; x_wconf 87' lang='lat' dir='ltr'><strong>uitiata</strong></span> <span class='ocrx_word' id='word_1_48' title='bbox 445 793 504 844; x_wconf 88' lang='lat' dir='ltr'><strong>est.</strong></span> <span class='ocrx_word' id='word_1_49' title='bbox 542 790 588 844; x_wconf 87' lang='lat' dir='ltr'><strong>Ea</strong></span> <span class='ocrx_word' id='word_1_50' title='bbox 606 807 660 846; x_wconf 92' lang='lat' dir='ltr'><strong>res</strong></span> <span class='ocrx_word' id='word_1_51' title='bbox 679 791 766 846; x_wconf 86' lang='lat' dir='ltr'><strong>clam</strong></span> <span class='ocrx_word' id='word_1_52' title='bbox 783 793 916 872; x_wconf 84' lang='lat' dir='ltr'><strong>patrem</strong></span> <span class='ocrx_word' id='word_1_53' title='bbox 933 789 1015 859; x_wconf 66' lang='lat' dir='ltr'><strong>fuit,</strong></span> <span class='ocrx_word' id='word_1_54' title='bbox 1041 793 1075 844; x_wconf 90' lang='lat' dir='ltr'><strong>et</strong></span> <span class='ocrx_word' id='word_1_55' title='bbox 1093 791 1198 845; x_wconf 90' lang='lat' dir='ltr'><strong>habe-</strong></span> 
     </span>
     <span class='ocr_line' id='line_1_8' title="bbox 184 859 1198 932; baseline 0.001 -18"><span class='ocrx_word' id='word_1_56' title='bbox 184 861 288 915; x_wconf 88' lang='lat' dir='ltr'><strong>batur</strong></span> <span class='ocrx_word' id='word_1_57' title='bbox 313 878 373 930; x_wconf 89' lang='lat' dir='ltr'><strong>pro</strong></span> <span class='ocrx_word' id='word_1_58' title='bbox 402 861 546 932; x_wconf 85' lang='lat' dir='ltr'><strong>uirgine.</strong></span> <span class='ocrx_word' id='word_1_59' title='bbox 592 861 639 916; x_wconf 82' lang='lat' dir='ltr'><strong>Ex</strong></span> <span class='ocrx_word' id='word_1_60' title='bbox 666 879 704 916; x_wconf 88' lang='lat' dir='ltr'><strong>eo</strong></span> <span class='ocrx_word' id='word_1_61' title='bbox 732 861 820 916; x_wconf 82' lang='lat' dir='ltr'><strong>uit10</strong></span> <span class='ocrx_word' id='word_1_62' title='bbox 848 859 994 932; x_wconf 87' lang='lat' dir='ltr'><strong>grauida</strong></span> <span class='ocrx_word' id='word_1_63' title='bbox 1021 861 1198 916; x_wconf 88' lang='lat' dir='ltr'><strong>mensibus</strong></span> 
     </span>
     <span class='ocr_line' id='line_1_9' title="bbox 185 931 1198 1002; baseline -0.001 -15"><span class='ocrx_word' id='word_1_64' title='bbox 185 932 320 987; x_wconf 83' lang='lat' dir='ltr'><strong>exactis</strong></span> <span class='ocrx_word' id='word_1_65' title='bbox 343 932 504 1002; x_wconf 86' lang='lat' dir='ltr'><strong>parturit.</strong></span> <span class='ocrx_word' id='word_1_66' title='bbox 543 933 667 987; x_wconf 80' lang='lat' dir='ltr'><strong>Seruus</strong></span> <span class='ocrx_word' id='word_1_67' title='bbox 691 933 801 988; x_wconf 87' lang='lat' dir='ltr'><strong>bonas</strong></span> <span class='ocrx_word' id='word_1_68' title='bbox 819 931 924 1002; x_wconf 81' lang='lat' dir='ltr'><strong>frugi,</strong></span> <span class='ocrx_word' id='word_1_69' title='bbox 943 949 1092 1002; x_wconf 89' lang='lat' dir='ltr'><strong>cumpro</strong></span> <span class='ocrx_word' id='word_1_70' title='bbox 1112 931 1198 987; x_wconf 84' lang='lat' dir='ltr'><strong>lori-</strong></span> 
     </span>
     <span class='ocr_line' id='line_1_10' title="bbox 184 1001 1199 1074; baseline 0 -16"><span class='ocrx_word' id='word_1_71' title='bbox 184 1005 247 1058; x_wconf 87' lang='lat' dir='ltr'><strong>bus</strong></span> <span class='ocrx_word' id='word_1_72' title='bbox 266 1003 383 1058; x_wconf 88' lang='lat' dir='ltr'><strong>domus</strong></span> <span class='ocrx_word' id='word_1_73' title='bbox 403 1005 514 1058; x_wconf 84' lang='lat' dir='ltr'><strong>staret</strong></span> <span class='ocrx_word' id='word_1_74' title='bbox 531 1005 566 1062; x_wconf 86' lang='lat' dir='ltr'><strong>et</strong></span> <span class='ocrx_word' id='word_1_75' title='bbox 583 1003 816 1074; x_wconf 88' lang='lat' dir='ltr'><strong>propinquare</strong></span> <span class='ocrx_word' id='word_1_76' title='bbox 838 1006 974 1074; x_wconf 89' lang='lat' dir='ltr'><strong>partum</strong></span> <span class='ocrx_word' id='word_1_77' title='bbox 997 1003 1078 1057; x_wconf 88' lang='lat' dir='ltr'><strong>erili</strong></span> <span class='ocrx_word' id='word_1_78' title='bbox 1096 1001 1199 1058; x_wconf 86' lang='lat' dir='ltr'><strong>filiae</strong></span> 
     </span>
    </p>
   </div>
   <div class='ocr_carea' id='block_1_4' title="bbox 188 1073 1331 1145">
    <p class='ocr_par' dir='ltr' id='par_1_4' title="bbox 188 1073 1331 1145">
     <span class='ocr_line' id='line_1_11' title="bbox 188 1073 1331 1145; baseline -0.001 -17"><span class='ocrx_word' id='word_1_79' title='bbox 188 1077 291 1142; x_wconf 89' lang='lat' dir='ltr'><strong>atque</strong></span> <span class='ocrx_word' id='word_1_80' title='bbox 314 1075 449 1129; x_wconf 92' lang='lat' dir='ltr'><strong>omnino</strong></span> <span class='ocrx_word' id='word_1_81' title='bbox 475 1073 600 1128; x_wconf 91' lang='lat' dir='ltr'><strong>uitium</strong></span> <span class='ocrx_word' id='word_1_82' title='bbox 619 1091 691 1130; x_wconf 89' lang='lat' dir='ltr'><strong>esse</strong></span> <span class='ocrx_word' id='word_1_83' title='bbox 711 1075 865 1130; x_wconf 90' lang='lat' dir='ltr'><strong>oblatum</strong></span> <span class='ocrx_word' id='word_1_84' title='bbox 883 1073 1074 1144; x_wconf 70' lang='lat' dir='ltr'><strong>ignoraret,</strong></span> <span class='ocrx_word' id='word_1_85' title='bbox 1092 1075 1199 1145; x_wconf 81' lang='lat' dir='ltr'><strong>gemi·</strong></span> <span class='ocrx_word' id='word_1_86' title='bbox 1263 1075 1267 1082; x_wconf 88' lang='lat'>&#39;</span> <span class='ocrx_word' id='word_1_87' title='bbox 1330 1077 1331 1086; x_wconf 76' lang='grc'>’</span> 
     </span>
    </p>
   </div>
   <div class='ocr_carea' id='block_1_5' title="bbox 186 1145 1198 1217">
    <p class='ocr_par' dir='ltr' id='par_1_5' title="bbox 186 1145 1198 1217">
     <span class='ocr_line' id='line_1_12' title="bbox 186 1145 1198 1217; baseline 0.002 -18"><span class='ocrx_word' id='word_1_88' title='bbox 186 1149 258 1199; x_wconf 90' lang='lat' dir='ltr'><strong>tum</strong></span> <span class='ocrx_word' id='word_1_89' title='bbox 271 1148 305 1200; x_wconf 88' lang='lat' dir='ltr'><strong>et</strong></span> <span class='ocrx_word' id='word_1_90' title='bbox 317 1145 491 1214; x_wconf 74' lang='lat' dir='ltr'><strong>ploratum</strong></span> <span class='ocrx_word' id='word_1_91' title='bbox 506 1145 604 1200; x_wconf 86' lang='lat' dir='ltr'><strong>audit</strong></span> <span class='ocrx_word' id='word_1_92' title='bbox 616 1146 757 1216; x_wconf 86' lang='lat' dir='ltr'><strong>puellae</strong></span> <span class='ocrx_word' id='word_1_93' title='bbox 771 1147 805 1201; x_wconf 91' lang='lat' dir='ltr'><strong>in</strong></span> <span class='ocrx_word' id='word_1_94' title='bbox 818 1145 999 1217; x_wconf 86' lang='lat' dir='ltr'><strong>puerperio</strong></span> <span class='ocrx_word' id='word_1_95' title='bbox 1014 1145 1198 1201; x_wconf 83' lang='lat' dir='ltr'><strong>enitentis:</strong></span> 
     </span>
    </p>
   </div>
   <div class='ocr_carea' id='block_1_6' title="bbox 98 1215 1198 1287">
    <p class='ocr_par' dir='ltr' id='par_1_6' title="bbox 98 1215 1198 1287">
     <span class='ocr_line' id='line_1_13' title="bbox 98 1215 1198 1287; baseline 0 -16"><span class='ocrx_word' id='word_1_96' title='bbox 98 1279 100 1284; x_wconf 28' lang='lat'>¹</span> <span class='ocrx_word' id='word_1_97' title='bbox 187 1216 288 1271; x_wconf 88' lang='lat' dir='ltr'><strong>timet</strong></span> <span class='ocrx_word' id='word_1_98' title='bbox 305 1215 473 1271; x_wconf 74' lang='lat' dir='ltr'><strong>irascitur</strong></span> <span class='ocrx_word' id='word_1_99' title='bbox 492 1217 692 1287; x_wconf 87' lang='lat' dir='ltr'><strong>suspicatur</strong></span> <span class='ocrx_word' id='word_1_100' title='bbox 709 1217 892 1272; x_wconf 89' lang='lat' dir='ltr'><strong>miseretur</strong></span> <span class='ocrx_word' id='word_1_101' title='bbox 910 1217 1025 1276; x_wconf 62' lang='lat' dir='ltr'><strong>dolet„</strong></span> <span class='ocrx_word' id='word_1_102' title='bbox 1046 1217 1083 1270; x_wconf 86' lang='lat' dir='ltr'><strong>Hi</strong></span> <span class='ocrx_word' id='word_1_103' title='bbox 1102 1233 1198 1272; x_wconf 88' lang='lat' dir='ltr'><strong>omnes</strong></span> 
     </span>
    </p>
   </div>
   <div class='ocr_carea' id='block_1_7' title="bbox 157 1287 1202 2905">
    <p class='ocr_par' dir='ltr' id='par_1_7' title="bbox 157 1287 1200 1644">
     <span class='ocr_line' id='line_1_14' title="bbox 186 1287 1199 1357; baseline 0 -15"><span class='ocrx_word' id='word_1_104' title='bbox 186 1290 281 1342; x_wconf 88' lang='lat' dir='ltr'><strong>motus</strong></span> <span class='ocrx_word' id='word_1_105' title='bbox 305 1287 364 1340; x_wconf 89' lang='lat' dir='ltr'><strong>eius</strong></span> <span class='ocrx_word' id='word_1_106' title='bbox 389 1287 607 1357; x_wconf 85' lang='lat' dir='ltr'><strong>affectionesque</strong></span> <span class='ocrx_word' id='word_1_107' title='bbox 631 1289 718 1343; x_wconf 87' lang='lat' dir='ltr'><strong>animi</strong></span> <span class='ocrx_word' id='word_1_108' title='bbox 740 1289 770 1342; x_wconf 89' lang='lat' dir='ltr'><strong>in</strong></span> <span class='ocrx_word' id='word_1_109' title='bbox 789 1289 897 1343; x_wconf 85' lang='lat' dir='ltr'><strong>Graeca</strong></span> <span class='ocrx_word' id='word_1_110' title='bbox 920 1287 1034 1356; x_wconf 87' lang='lat' dir='ltr'><strong>quidem</strong></span> <span class='ocrx_word' id='word_1_111' title='bbox 1051 1287 1199 1344; x_wconf 81' lang='lat' dir='ltr'><strong>comoedia</strong></span> 
     </span>
     <span class='ocr_line' id='line_1_15' title="bbox 185 1357 1200 1430; baseline 0.003 -19"><span class='ocrx_word' id='word_1_112' title='bbox 185 1358 356 1412; x_wconf 85' lang='lat' dir='ltr'><strong>mirabiliter</strong></span> <span class='ocrx_word' id='word_1_113' title='bbox 374 1376 452 1414; x_wconf 87' lang='lat' dir='ltr'><strong>acres</strong></span> <span class='ocrx_word' id='word_1_114' title='bbox 471 1362 501 1414; x_wconf 88' lang='lat' dir='ltr'><strong>et</strong></span> <span class='ocrx_word' id='word_1_115' title='bbox 518 1358 650 1429; x_wconf 89' lang='lat' dir='ltr'><strong>illustres,</strong></span> <span class='ocrx_word' id='word_1_116' title='bbox 671 1361 761 1430; x_wconf 89' lang='lat' dir='ltr'><strong>apud</strong></span> <span class='ocrx_word' id='word_1_117' title='bbox 780 1357 968 1414; x_wconf 86' lang='lat' dir='ltr'><strong>Caecilium</strong></span> <span class='ocrx_word' id='word_1_118' title='bbox 986 1363 1081 1414; x_wconf 85' lang='lat' dir='ltr'><strong>autem</strong></span> <span class='ocrx_word' id='word_1_119' title='bbox 1098 1359 1200 1430; x_wconf 80' lang='lat' dir='ltr'><strong>pigra</strong></span> 
     </span>
     <span class='ocr_line' id='line_1_16' title="bbox 186 1429 1200 1502; baseline 0.001 -19"><span class='ocrx_word' id='word_1_120' title='bbox 186 1429 298 1484; x_wconf 87' lang='lat' dir='ltr'><strong>istaec</strong></span> <span class='ocrx_word' id='word_1_121' title='bbox 312 1431 425 1484; x_wconf 88' lang='lat' dir='ltr'><strong>omnia</strong></span> <span class='ocrx_word' id='word_1_122' title='bbox 440 1433 473 1485; x_wconf 91' lang='lat' dir='ltr'><strong>et</strong></span> <span class='ocrx_word' id='word_1_123' title='bbox 488 1447 629 1486; x_wconf 80' lang='lat' dir='ltr'><strong>ererum</strong></span> <span class='ocrx_word' id='word_1_124' title='bbox 643 1431 819 1502; x_wconf 80' lang='lat' dir='ltr'><strong>dignitate</strong></span> <span class='ocrx_word' id='word_1_125' title='bbox 834 1435 938 1499; x_wconf 88' lang='lat' dir='ltr'><strong>atque</strong></span> <span class='ocrx_word' id='word_1_126' title='bbox 956 1429 1072 1500; x_wconf 82' lang='lat' dir='ltr'><strong>gratia</strong></span> <span class='ocrx_word' id='word_1_127' title='bbox 1090 1447 1200 1486; x_wconf 85' lang='lat' dir='ltr'><strong>uacua</strong></span> 
     </span>
     <span class='ocr_line' id='line_1_17' title="bbox 187 1501 1199 1572; baseline 0.002 -18"><span class='ocrx_word' id='word_1_128' title='bbox 187 1502 273 1554; x_wconf 89' lang='lat' dir='ltr'><strong>sunt.</strong></span> <span class='ocrx_word' id='word_1_129' title='bbox 310 1501 392 1554; x_wconf 89' lang='lat' dir='ltr'><strong>Post</strong></span> <span class='ocrx_word' id='word_1_130' title='bbox 418 1501 477 1556; x_wconf 93' lang='lat' dir='ltr'><strong>ubi</strong></span> <span class='ocrx_word' id='word_1_131' title='bbox 504 1501 593 1556; x_wconf 92' lang='lat' dir='ltr'><strong>idem</strong></span> <span class='ocrx_word' id='word_1_132' title='bbox 621 1519 740 1556; x_wconf 89' lang='lat' dir='ltr'><strong>seruus</strong></span> <span class='ocrx_word' id='word_1_133' title='bbox 766 1502 1002 1572; x_wconf 87' lang='lat' dir='ltr'><strong>percontando</strong></span> <span class='ocrx_word' id='word_1_134' title='bbox 1031 1502 1121 1570; x_wconf 88' lang='lat' dir='ltr'><strong>quod</strong></span> <span class='ocrx_word' id='word_1_135' title='bbox 1145 1519 1199 1556; x_wconf 88' lang='lat' dir='ltr'><strong>ac-</strong></span> 
     </span>
     <span class='ocr_line' id='line_1_18' title="bbox 157 1571 1198 1644; baseline 0.004 -21"><span class='ocrx_word' id='word_1_136' title='bbox 157 1615 160 1620; x_wconf 71' lang='grc'><strong><em>,</em></strong></span> <span class='ocrx_word' id='word_1_137' title='bbox 185 1571 319 1625; x_wconf 89' lang='lat' dir='ltr'><strong>oiderat</strong></span> <span class='ocrx_word' id='word_1_138' title='bbox 338 1573 504 1642; x_wconf 88' lang='lat' dir='ltr'><strong>repperit,</strong></span> <span class='ocrx_word' id='word_1_139' title='bbox 524 1573 575 1627; x_wconf 91' lang='lat' dir='ltr'><strong>has</strong></span> <span class='ocrx_word' id='word_1_140' title='bbox 595 1575 671 1643; x_wconf 92' lang='lat' dir='ltr'><strong>apud</strong></span> <span class='ocrx_word' id='word_1_141' title='bbox 689 1574 875 1628; x_wconf 84' lang='lat' dir='ltr'><strong>Menandrum</strong></span> <span class='ocrx_word' id='word_1_142' title='bbox 893 1589 976 1627; x_wconf 89' lang='lat' dir='ltr'><strong>uoces</strong></span> <span class='ocrx_word' id='word_1_143' title='bbox 990 1573 1061 1627; x_wconf 88' lang='lat' dir='ltr'><strong>facit</strong></span> <span class='ocrx_word' id='word_1_144' title='bbox 1075 1577 1138 1644; x_wconf 87' lang='grc'>(404</span> <span class='ocrx_word' id='word_1_145' title='bbox 1152 1572 1198 1642; x_wconf 85' lang='grc' dir='ltr'><strong>Κ.)</strong></span> 
     </span>
    </p>

    <p class='ocr_par' dir='ltr' id='par_1_8' title="bbox 345 1638 1017 1714">
     <span class='ocr_line' id='line_1_19' title="bbox 345 1638 1017 1714; baseline 0.001 -17"><span class='ocrx_word' id='word_1_146' title='bbox 345 1638 366 1697; x_wconf 83' lang='grc' dir='ltr'><strong>ὦ</strong></span> <span class='ocrx_word' id='word_1_147' title='bbox 384 1644 443 1712; x_wconf 80' lang='grc' dir='ltr'><em>τρὶς</em></span> <span class='ocrx_word' id='word_1_148' title='bbox 461 1646 655 1714; x_wconf 76' lang='grc' dir='ltr'><em>κακοδαίμων</em></span> <span class='ocrx_word' id='word_1_149' title='bbox 676 1643 749 1707; x_wconf 75' lang='grc' dir='ltr'><strong><em>ὅστις</em></strong></span> <span class='ocrx_word' id='word_1_150' title='bbox 768 1643 807 1699; x_wconf 72' lang='grc' dir='ltr'><strong>ὢν</strong></span> <span class='ocrx_word' id='word_1_151' title='bbox 824 1642 912 1714; x_wconf 82' lang='grc' dir='ltr'><em>πένης</em></span> <span class='ocrx_word' id='word_1_152' title='bbox 932 1653 1017 1714; x_wconf 83' lang='grc' dir='ltr'><em>γαμεῖ</em></span> 
     </span>
    </p>

    <p class='ocr_par' dir='ltr' id='par_1_9' title="bbox 347 1713 1021 1786">
     <span class='ocr_line' id='line_1_20' title="bbox 347 1713 1021 1786; baseline 0.003 -18"><span class='ocrx_word' id='word_1_153' title='bbox 347 1715 396 1768; x_wconf 86' lang='grc' dir='ltr'><strong>καλ</strong></span> <span class='ocrx_word' id='word_1_154' title='bbox 414 1714 621 1770; x_wconf 76' lang='grc' dir='ltr'><strong>παιδοποιεο0’.</strong></span> <span class='ocrx_word' id='word_1_155' title='bbox 641 1717 678 1778; x_wconf 81' lang='grc' dir='ltr'><strong>ὡς</strong></span> <span class='ocrx_word' id='word_1_156' title='bbox 692 1713 839 1786; x_wconf 70' lang='grc' dir='ltr'><em>ἀλόγιστός</em></span> <span class='ocrx_word' id='word_1_157' title='bbox 858 1713 910 1770; x_wconf 76' lang='grc' dir='ltr'><strong><em>ἐστ’</em></strong></span> <span class='ocrx_word' id='word_1_158' title='bbox 935 1715 1021 1785; x_wconf 71' lang='grc' dir='ltr'><em>ἀνήρ,</em></span> 
     </span>
    </p>

    <p class='ocr_par' dir='ltr' id='par_1_10' title="bbox 348 1783 959 1858">
     <span class='ocr_line' id='line_1_21' title="bbox 348 1783 959 1858; baseline 0.002 -20"><span class='ocrx_word' id='word_1_159' title='bbox 348 1783 379 1846; x_wconf 78' lang='grc' dir='ltr'><strong>ὃς</strong></span> <span class='ocrx_word' id='word_1_160' title='bbox 397 1784 464 1853; x_wconf 82' lang='grc' dir='ltr'><strong><em>μήτε</em></strong></span> <span class='ocrx_word' id='word_1_161' title='bbox 483 1786 614 1855; x_wconf 80' lang='grc' dir='ltr'><em>φυλακὴν</em></span> <span class='ocrx_word' id='word_1_162' title='bbox 632 1795 687 1840; x_wconf 84' lang='grc' dir='ltr'><strong>τῶν</strong></span> <span class='ocrx_word' id='word_1_163' title='bbox 706 1785 869 1858; x_wconf 77' lang='grc' dir='ltr'><em>ἀναγκαίων</em></span> <span class='ocrx_word' id='word_1_164' title='bbox 889 1786 959 1856; x_wconf 74' lang='grc' dir='ltr'><strong>ἔχει,</strong></span> 
     </span>
    </p>

    <p class='ocr_par' dir='ltr' id='par_1_11' title="bbox 347 1853 991 1930">
     <span class='ocr_line' id='line_1_22' title="bbox 347 1853 991 1930; baseline 0.003 -20"><span class='ocrx_word' id='word_1_165' title='bbox 347 1854 412 1923; x_wconf 81' lang='grc' dir='ltr'><strong><em>μήτ’</em></strong></span> <span class='ocrx_word' id='word_1_166' title='bbox 433 1853 470 1911; x_wconf 78' lang='grc' dir='ltr'><strong>ἂν</strong></span> <span class='ocrx_word' id='word_1_167' title='bbox 488 1857 628 1926; x_wconf 68' lang='grc' dir='ltr'><em>ἀτυχήσας</em></span> <span class='ocrx_word' id='word_1_168' title='bbox 648 1858 687 1920; x_wconf 77' lang='grc' dir='ltr'><strong>εἰς</strong></span> <span class='ocrx_word' id='word_1_169' title='bbox 704 1857 739 1911; x_wconf 79' lang='grc' dir='ltr'><em>κά</em></span> <span class='ocrx_word' id='word_1_170' title='bbox 758 1857 840 1912; x_wconf 85' lang='grc' dir='ltr'><em>κοινὰ</em></span> <span class='ocrx_word' id='word_1_171' title='bbox 859 1865 908 1912; x_wconf 77' lang='grc' dir='ltr'><strong>τοῦ</strong></span> <span class='ocrx_word' id='word_1_172' title='bbox 928 1855 991 1930; x_wconf 77' lang='grc' dir='ltr'><em>βίον</em></span> 
     </span>
    </p>

    <p class='ocr_par' dir='ltr' id='par_1_12' title="bbox 319 1926 919 2017">
     <span class='ocr_line' id='line_1_23' title="bbox 319 1926 919 2017; baseline 0.003 -37"><span class='ocrx_word' id='word_1_173' title='bbox 319 1983 323 1992; x_wconf 52' lang='grc'><strong>,</strong></span> <span class='ocrx_word' id='word_1_174' title='bbox 348 1926 520 2017; x_wconf 57' lang='lat' dir='ltr'><strong>&amp;cappadoce</strong></span> <span class='ocrx_word' id='word_1_175' title='bbox 539 1928 654 1982; x_wconf 73' lang='grc' dir='ltr'><em>δύναιτο</em></span> <span class='ocrx_word' id='word_1_176' title='bbox 673 1937 755 1983; x_wconf 79' lang='grc' dir='ltr'><strong>τοῦτο</strong></span> <span class='ocrx_word' id='word_1_177' title='bbox 774 1927 919 2000; x_wconf 79' lang='grc' dir='ltr'><em>χρήμασιν,</em></span> 
     </span>
    </p>

    <p class='ocr_par' dir='ltr' id='par_1_13' title="bbox 346 1997 951 2073">
     <span class='ocr_line' id='line_1_24' title="bbox 346 1997 951 2073; baseline 0.003 -23"><span class='ocrx_word' id='word_1_178' title='bbox 346 1997 396 2050; x_wconf 89' lang='grc' dir='ltr'><strong>ἀλλ</strong></span> <span class='ocrx_word' id='word_1_179' title='bbox 431 1997 462 2052; x_wconf 76' lang='grc' dir='ltr'><strong>ἐν</strong></span> <span class='ocrx_word' id='word_1_180' title='bbox 481 1999 630 2072; x_wconf 75' lang='grc' dir='ltr'><em>ἀκαλύπτῳ</em></span> <span class='ocrx_word' id='word_1_181' title='bbox 650 2001 698 2054; x_wconf 87' lang='grc' dir='ltr'><strong>καὶ</strong></span> <span class='ocrx_word' id='word_1_182' title='bbox 715 2001 881 2073; x_wconf 78' lang='grc' dir='ltr'><em>ταλαιπώρῳ</em></span> <span class='ocrx_word' id='word_1_183' title='bbox 902 1997 951 2073; x_wconf 68' lang='grc' dir='ltr'><strong>βίῳ</strong></span> 
     </span>
    </p>

    <p class='ocr_par' dir='ltr' id='par_1_14' title="bbox 348 2069 987 2141">
     <span class='ocr_line' id='line_1_25' title="bbox 348 2069 987 2141; baseline 0.003 -19"><span class='ocrx_word' id='word_1_184' title='bbox 348 2069 545 2140; x_wconf 79' lang='grc' dir='ltr'><em>χειμαζόμενος</em></span> <span class='ocrx_word' id='word_1_185' title='bbox 565 2072 609 2141; x_wconf 79' lang='grc' dir='ltr'><strong>ζῇ,</strong></span> <span class='ocrx_word' id='word_1_186' title='bbox 627 2079 683 2124; x_wconf 82' lang='grc' dir='ltr'><strong>τῶν</strong></span> <span class='ocrx_word' id='word_1_187' title='bbox 702 2070 753 2140; x_wconf 75' lang='grc' dir='ltr'><strong>μὲν</strong></span> <span class='ocrx_word' id='word_1_188' title='bbox 772 2073 897 2138; x_wconf 82' lang='grc' dir='ltr'><em>ἀνιαρῶν</em></span> <span class='ocrx_word' id='word_1_189' title='bbox 916 2071 987 2140; x_wconf 77' lang='grc' dir='ltr'><em>ἔχων</em></span> 
     </span>
    </p>

    <p class='ocr_par' dir='ltr' id='par_1_15' title="bbox 347 2138 1120 2212">
     <span class='ocr_line' id='line_1_26' title="bbox 347 2138 1120 2212; baseline 0.004 -19"><span class='ocrx_word' id='word_1_190' title='bbox 347 2139 379 2193; x_wconf 83' lang='grc' dir='ltr'><strong>τὸ</strong></span> <span class='ocrx_word' id='word_1_191' title='bbox 399 2138 480 2209; x_wconf 72' lang='grc' dir='ltr'><strong><em>μέρος</em></strong></span> <span class='ocrx_word' id='word_1_192' title='bbox 497 2139 640 2210; x_wconf 75' lang='grc' dir='ltr'><em>ἁπάντων,</em></span> <span class='ocrx_word' id='word_1_193' title='bbox 659 2151 714 2196; x_wconf 82' lang='grc' dir='ltr'><strong>τῶν</strong></span> <span class='ocrx_word' id='word_1_194' title='bbox 733 2141 761 2196; x_wconf 84' lang='lat' dir='ltr'><strong>d’</strong></span> <span class='ocrx_word' id='word_1_195' title='bbox 783 2143 902 2212; x_wconf 77' lang='grc' dir='ltr'><em>ἀγαθῶν</em></span> <span class='ocrx_word' id='word_1_196' title='bbox 922 2139 1006 2196; x_wconf 74' lang='grc' dir='ltr'><em>οὐδὲν</em></span> <span class='ocrx_word' id='word_1_197' title='bbox 1024 2138 1120 2212; x_wconf 79' lang='grc' dir='ltr'><em>μέρος·</em></span> 
     </span>
    </p>

    <p class='ocr_par' dir='ltr' id='par_1_16' title="bbox 190 2209 1202 2905">
     <span class='ocr_line' id='line_1_27' title="bbox 349 2209 987 2282; baseline 0.002 -18"><span class='ocrx_word' id='word_1_198' title='bbox 349 2209 419 2280; x_wconf 79' lang='grc' dir='ltr'><strong>ὑπὲρ</strong></span> <span class='ocrx_word' id='word_1_199' title='bbox 438 2210 491 2280; x_wconf 79' lang='grc' dir='ltr'><strong>γὰρ</strong></span> <span class='ocrx_word' id='word_1_200' title='bbox 512 2211 573 2274; x_wconf 81' lang='grc' dir='ltr'><strong>ἑνὸς</strong></span> <span class='ocrx_word' id='word_1_201' title='bbox 591 2212 683 2282; x_wconf 85' lang='grc' dir='ltr'><em>ἀλγῶν</em></span> <span class='ocrx_word' id='word_1_202' title='bbox 702 2209 830 2276; x_wconf 75' lang='grc' dir='ltr'><em>ἅπαντας</em></span> <span class='ocrx_word' id='word_1_203' title='bbox 851 2217 987 2267; x_wconf 76' lang='grc' dir='ltr'><em>νουθετῶ.</em></span> 
     </span>
     <span class='ocr_line' id='line_1_28' title="bbox 190 2281 1201 2352; baseline 0.002 -18"><span class='ocrx_word' id='word_1_204' title='bbox 190 2281 235 2334; x_wconf 89' lang='lat' dir='ltr'><strong>Ad</strong></span> <span class='ocrx_word' id='word_1_205' title='bbox 245 2281 344 2334; x_wconf 81' lang='lat' dir='ltr'><strong>horum</strong></span> <span class='ocrx_word' id='word_1_206' title='bbox 354 2284 449 2335; x_wconf 88' lang='lat' dir='ltr'><strong>autern</strong></span> <span class='ocrx_word' id='word_1_207' title='bbox 459 2281 650 2336; x_wconf 75' lang='lat' dir='ltr'><strong>sinceritatem</strong></span> <span class='ocrx_word' id='word_1_208' title='bbox 663 2284 867 2352; x_wconf 85' lang='lat' dir='ltr'><strong>ueritatemque</strong></span> <span class='ocrx_word' id='word_1_209' title='bbox 882 2283 1032 2336; x_wconf 88' lang='lat' dir='ltr'><strong>uerborum</strong></span> <span class='ocrx_word' id='word_1_210' title='bbox 1045 2299 1083 2337; x_wconf 91' lang='lat' dir='ltr'><strong>an</strong></span> <span class='ocrx_word' id='word_1_211' title='bbox 1092 2281 1201 2352; x_wconf 86' lang='lat' dir='ltr'><strong>aspira-</strong></span> 
     </span>
     <span class='ocr_line' id='line_1_29' title="bbox 191 2351 1201 2410; baseline 0.003 -5"><span class='ocrx_word' id='word_1_212' title='bbox 191 2351 265 2406; x_wconf 85' lang='lat' dir='ltr'><strong>uerit</strong></span> <span class='ocrx_word' id='word_1_213' title='bbox 288 2351 426 2406; x_wconf 75' lang='lat' dir='ltr'><strong>Caecilius</strong></span> <span class='ocrx_word' id='word_1_214' title='bbox 450 2353 665 2410; x_wconf 86' lang='lat' dir='ltr'><strong>consideremus.</strong></span> <span class='ocrx_word' id='word_1_215' title='bbox 701 2356 805 2410; x_wconf 83' lang='lat' dir='ltr'><strong>Versus</strong></span> <span class='ocrx_word' id='word_1_216' title='bbox 828 2357 895 2407; x_wconf 86' lang='lat' dir='ltr'><strong>sunt</strong></span> <span class='ocrx_word' id='word_1_217' title='bbox 917 2354 948 2406; x_wconf 91' lang='lat' dir='ltr'><strong>hi</strong></span> <span class='ocrx_word' id='word_1_218' title='bbox 971 2353 1076 2409; x_wconf 81' lang='lat' dir='ltr'><strong>Caecili</strong></span> <span class='ocrx_word' id='word_1_219' title='bbox 1100 2357 1201 2408; x_wconf 88' lang='lat' dir='ltr'><strong>trunca</strong></span> 
     </span>
     <span class='ocr_line' id='line_1_30' title="bbox 191 2423 1201 2494; baseline 0.002 -18"><span class='ocrx_word' id='word_1_220' title='bbox 191 2423 332 2491; x_wconf 83' lang='lat' dir='ltr'><strong>quaedam</strong></span> <span class='ocrx_word' id='word_1_221' title='bbox 355 2441 389 2478; x_wconf 89' lang='lat' dir='ltr'><strong>ex</strong></span> <span class='ocrx_word' id='word_1_222' title='bbox 411 2423 566 2479; x_wconf 81' lang='lat' dir='ltr'><strong>Menandro</strong></span> <span class='ocrx_word' id='word_1_223' title='bbox 588 2425 707 2480; x_wconf 87' lang='lat' dir='ltr'><strong>dicentis</strong></span> <span class='ocrx_word' id='word_1_224' title='bbox 727 2428 756 2480; x_wconf 91' lang='lat' dir='ltr'><strong>et</strong></span> <span class='ocrx_word' id='word_1_225' title='bbox 773 2424 974 2480; x_wconf 86' lang='lat' dir='ltr'><strong>consarcientis</strong></span> <span class='ocrx_word' id='word_1_226' title='bbox 992 2425 1081 2478; x_wconf 84' lang='lat' dir='ltr'><strong>uerba</strong></span> <span class='ocrx_word' id='word_1_227' title='bbox 1098 2425 1201 2494; x_wconf 82' lang='lat' dir='ltr'><strong>tragici</strong></span> 
     </span>
     <span class='ocr_line' id='line_1_31' title="bbox 191 2493 1202 2566; baseline 0.002 -18"><span class='ocrx_word' id='word_1_228' title='bbox 191 2493 324 2549; x_wconf 84' lang='lat' dir='ltr'><strong>tumoris:</strong></span> <span class='ocrx_word' id='word_1_229' title='bbox 352 2493 380 2548; x_wconf 89' lang='lat' dir='ltr'><strong>is</strong></span> <span class='ocrx_word' id='word_1_230' title='bbox 409 2496 554 2549; x_wconf 90' lang='lat' dir='ltr'><strong>demum&#39;</strong></span> <span class='ocrx_word' id='word_1_231' title='bbox 575 2513 597 2550; x_wconf 89' lang='lat' dir='ltr'><strong>e.</strong></span> <span class='ocrx_word' id='word_1_232' title='bbox 617 2515 643 2564; x_wconf 90' lang='lat' dir='ltr'><strong>q.</strong></span> <span class='ocrx_word' id='word_1_233' title='bbox 664 2515 684 2551; x_wconf 85' lang='lat' dir='ltr'><strong>s.</strong></span> <span class='ocrx_word' id='word_1_234' title='bbox 724 2497 846 2565; x_wconf 83' lang='lat' dir='ltr'><strong>‘Itaque,</strong></span> <span class='ocrx_word' id='word_1_235' title='bbox 874 2499 907 2549; x_wconf 88' lang='lat' dir='ltr'><strong>ut</strong></span> <span class='ocrx_word' id='word_1_236' title='bbox 930 2512 1014 2566; x_wconf 86' lang='lat' dir='ltr'><strong>supra</strong></span> <span class='ocrx_word' id='word_1_237' title='bbox 1037 2495 1108 2565; x_wconf 89' lang='lat' dir='ltr'><strong>dixi,</strong></span> <span class='ocrx_word' id='word_1_238' title='bbox 1137 2513 1202 2550; x_wconf 91' lang='lat' dir='ltr'><strong>cum</strong></span> 
     </span>
     <span class='ocr_line' id='line_1_32' title="bbox 191 2565 1201 2637; baseline 0.003 -19"><span class='ocrx_word' id='word_1_239' title='bbox 191 2565 261 2619; x_wconf 90' lang='lat' dir='ltr'><strong>haec</strong></span> <span class='ocrx_word' id='word_1_240' title='bbox 281 2565 385 2620; x_wconf 81' lang='lat' dir='ltr'><strong>Caecili</strong></span> <span class='ocrx_word' id='word_1_241' title='bbox 404 2583 528 2620; x_wconf 86' lang='lat' dir='ltr'><strong>seorsum</strong></span> <span class='ocrx_word' id='word_1_242' title='bbox 546 2567 619 2637; x_wconf 82' lang='lat' dir='ltr'><strong>lego,</strong></span> <span class='ocrx_word' id='word_1_243' title='bbox 637 2583 673 2621; x_wconf 90' lang='lat' dir='ltr'><strong>ne</strong></span> <span class='ocrx_word' id='word_1_244' title='bbox 692 2566 821 2636; x_wconf 89' lang='lat' dir='ltr'><strong>utiquam</strong></span> <span class='ocrx_word' id='word_1_245' title='bbox 838 2566 971 2620; x_wconf 88' lang='lat' dir='ltr'><strong>uidentur</strong></span> <span class='ocrx_word' id='word_1_246' title='bbox 989 2567 1102 2636; x_wconf 83' lang='lat' dir='ltr'><strong>ingrata</strong></span> <span class='ocrx_word' id='word_1_247' title='bbox 1119 2565 1201 2636; x_wconf 81' lang='lat' dir='ltr'><strong>igna-</strong></span> 
     </span>
     <span class='ocr_line' id='line_1_33' title="bbox 191 2637 1201 2707; baseline 0.003 -18"><span class='ocrx_word' id='word_1_248' title='bbox 191 2652 295 2706; x_wconf 79' lang='lat' dir='ltr'><strong>uaque3</strong></span> <span class='ocrx_word' id='word_1_249' title='bbox 325 2654 388 2690; x_wconf 90' lang='lat' dir='ltr'><strong>cum</strong></span> <span class='ocrx_word' id='word_1_250' title='bbox 414 2641 508 2691; x_wconf 88' lang='lat' dir='ltr'><strong>autem</strong></span> <span class='ocrx_word' id='word_1_251' title='bbox 534 2637 641 2692; x_wconf 84' lang='lat' dir='ltr'><strong>Graeca</strong></span> <span class='ocrx_word' id='word_1_252' title='bbox 666 2655 797 2707; x_wconf 88' lang='lat' dir='ltr'><strong>comparo</strong></span> <span class='ocrx_word' id='word_1_253' title='bbox 824 2639 853 2691; x_wconf 89' lang='lat' dir='ltr'><strong>et</strong></span> <span class='ocrx_word' id='word_1_254' title='bbox 878 2637 1029 2707; x_wconf 89' lang='lat' dir='ltr'><strong>contendo,</strong></span> <span class='ocrx_word' id='word_1_255' title='bbox 1055 2655 1112 2691; x_wconf 92' lang='lat' dir='ltr'><strong>non</strong></span> <span class='ocrx_word' id='word_1_256' title='bbox 1130 2641 1201 2706; x_wconf 90' lang='lat' dir='ltr'><strong>puto</strong></span> 
     </span>
     <span class='ocr_line' id='line_1_34' title="bbox 192 2707 1201 2777; baseline 0 -15"><span class='ocrx_word' id='word_1_257' title='bbox 192 2707 345 2762; x_wconf 88' lang='lat' dir='ltr'><strong>Caecilium</strong></span> <span class='ocrx_word' id='word_1_258' title='bbox 359 2707 438 2776; x_wconf 90' lang='lat' dir='ltr'><strong>sequi</strong></span> <span class='ocrx_word' id='word_1_259' title='bbox 453 2707 583 2762; x_wconf 87' lang='lat' dir='ltr'><strong>debuisse</strong></span> <span class='ocrx_word' id='word_1_260' title='bbox 597 2709 673 2776; x_wconf 84' lang='lat' dir='ltr'><strong>quod</strong></span> <span class='ocrx_word' id='word_1_261' title='bbox 684 2709 795 2776; x_wconf 84' lang='lat' dir='ltr'><strong>assequi</strong></span> <span class='ocrx_word' id='word_1_262' title='bbox 804 2707 953 2776; x_wconf 86' lang='lat' dir='ltr'><strong>nequiret’</strong></span> <span class='ocrx_word' id='word_1_263' title='bbox 976 2707 1084 2763; x_wconf 86' lang='lat' dir='ltr'><strong>Nonius</strong></span> <span class='ocrx_word' id='word_1_264' title='bbox 1095 2714 1155 2777; x_wconf 86' lang='lat'><strong>304,</strong></span> <span class='ocrx_word' id='word_1_265' title='bbox 1167 2715 1201 2762; x_wconf 80' lang='lat'><strong>28</strong></span> 
     </span>
     <span class='ocr_line' id='line_1_35' title="bbox 193 2777 1201 2849; baseline 0.002 -19"><span class='ocrx_word' id='word_1_266' title='bbox 193 2777 316 2832; x_wconf 81' lang='lat' dir='ltr'><strong>‘factio</strong></span> <span class='ocrx_word' id='word_1_267' title='bbox 339 2778 441 2846; x_wconf 83' lang='lat' dir='ltr'><strong>iterum</strong></span> <span class='ocrx_word' id='word_1_268' title='bbox 460 2777 600 2848; x_wconf 83' lang='lat' dir='ltr'><strong>significat</strong></span> <span class='ocrx_word' id='word_1_269' title='bbox 619 2779 805 2849; x_wconf 86' lang='lat' dir='ltr'><strong>opulentiam,</strong></span> <span class='ocrx_word' id='word_1_270' title='bbox 828 2779 1034 2838; x_wconf 86' lang='lat' dir='ltr'><strong>abundantiam</strong></span> <span class='ocrx_word' id='word_1_271' title='bbox 1052 2782 1081 2834; x_wconf 88' lang='lat' dir='ltr'><strong>et</strong></span> <span class='ocrx_word' id='word_1_272' title='bbox 1098 2779 1201 2833; x_wconf 88' lang='lat' dir='ltr'><strong>nobili-</strong></span> 
     </span>
     <span class='ocr_line' id='line_1_36' title="bbox 190 2847 1201 2905; baseline 0.001 -2"><span class='ocrx_word' id='word_1_273' title='bbox 190 2851 322 2904; x_wconf 82' lang='lat' dir='ltr'><strong>tatem..</strong></span> <span class='ocrx_word' id='word_1_274' title='bbox 340 2894 345 2904; x_wconf 90' lang='lat'>.</span> <span class='ocrx_word' id='word_1_275' title='bbox 361 2847 790 2905; x_wconf 77' lang='lat' dir='ltr'><strong>Caeciliusl&#39;iliuminalta</strong></span> <span class='ocrx_word' id='word_1_276' title='bbox 809 2867 926 2904; x_wconf 87' lang='lat' dir='ltr'><strong>eorum</strong></span> <span class='ocrx_word' id='word_1_277' title='bbox 944 2850 1068 2904; x_wconf 83' lang='lat' dir='ltr'><strong>famam</strong></span> <span class='ocrx_word' id='word_1_278' title='bbox 1085 2851 1201 2904; x_wconf 89' lang='lat' dir='ltr'><strong>occul-</strong></span> 
     </span>
    </p>
   </div>
   <div class='ocr_carea' id='block_1_8' title="bbox 190 2919 1314 2990">
    <p class='ocr_par' dir='ltr' id='par_1_17' title="bbox 190 2919 1314 2990">
     <span class='ocr_line' id='line_1_37' title="bbox 190 2919 1314 2990; baseline 0.001 -16"><span class='ocrx_word' id='word_1_279' title='bbox 190 2921 290 2974; x_wconf 91' lang='lat' dir='ltr'><strong>tabat</strong></span> <span class='ocrx_word' id='word_1_280' title='bbox 314 2919 445 2974; x_wconf 86' lang='lat' dir='ltr'><strong>factio.&#39;</strong></span> <span class='ocrx_word' id='word_1_281' title='bbox 484 2919 523 2974; x_wconf 86' lang='lat' dir='ltr'><strong>of.</strong></span> <span class='ocrx_word' id='word_1_282' title='bbox 543 2919 663 2976; x_wconf 89' lang='lat' dir='ltr'><strong>Philum.</strong></span> <span class='ocrx_word' id='word_1_283' title='bbox 682 2919 715 2976; x_wconf 90' lang='grc' dir='ltr'><strong>Π.</strong></span> <span class='ocrx_word' id='word_1_284' title='bbox 752 2921 847 2976; x_wconf 83' lang='lat' dir='ltr'><strong>Facile</strong></span> <span class='ocrx_word' id='word_1_285' title='bbox 865 2919 920 2975; x_wconf 88' lang='lat' dir='ltr'><strong>tibi</strong></span> <span class='ocrx_word' id='word_1_286' title='bbox 937 2922 1108 2990; x_wconf 87' lang='lat' dir='ltr'><strong>persuadeas</strong></span> <span class='ocrx_word' id='word_1_287' title='bbox 1128 2921 1202 2976; x_wconf 84' lang='lat' dir='ltr'><strong>exui·</strong></span> <span class='ocrx_word' id='word_1_288' title='bbox 1310 2937 1314 2944; x_wconf 77' lang='grc'><em>’</em></span> 
     </span>
    </p>
   </div>
   <div class='ocr_carea' id='block_1_9' title="bbox 190 2989 1202 3118">
    <p class='ocr_par' dir='ltr' id='par_1_18' title="bbox 190 2989 1202 3118">
     <span class='ocr_line' id='line_1_38' title="bbox 190 2989 1202 3062; baseline 0 -16"><span class='ocrx_word' id='word_1_289' title='bbox 190 2991 265 3046; x_wconf 87' lang='lat' dir='ltr'><strong>disse</strong></span> <span class='ocrx_word' id='word_1_290' title='bbox 288 2989 469 3046; x_wconf 86' lang='lat' dir='ltr'><strong>Philumenae</strong></span> <span class='ocrx_word' id='word_1_291' title='bbox 492 2990 586 3044; x_wconf 88' lang='lat' dir='ltr'><strong>locum</strong></span> <span class='ocrx_word' id='word_1_292' title='bbox 608 2995 637 3046; x_wconf 90' lang='lat' dir='ltr'><strong>et</strong></span> <span class='ocrx_word' id='word_1_293' title='bbox 664 3009 775 3048; x_wconf 81' lang='lat' dir='ltr'><strong>versum</strong></span> <span class='ocrx_word' id='word_1_294' title='bbox 802 2999 819 3046; x_wconf 91' lang='grc'>4</span> <span class='ocrx_word' id='word_1_295' title='bbox 846 2991 877 3046; x_wconf 90' lang='lat' dir='ltr'><strong>in</strong></span> <span class='ocrx_word' id='word_1_296' title='bbox 903 2991 948 3046; x_wconf 91' lang='lat' dir='ltr'><strong>his</strong></span> <span class='ocrx_word' id='word_1_297' title='bbox 973 2991 1074 3062; x_wconf 70' lang='lat' dir='ltr'><strong>latere,</strong></span> <span class='ocrx_word' id='word_1_298' title='bbox 1102 2995 1202 3047; x_wconf 87' lang='lat' dir='ltr'><strong>contra</strong></span> 
     </span>
     <span class='ocr_line' id='line_1_39' title="bbox 193 3061 630 3118; baseline 0.005 -2"><span class='ocrx_word' id='word_1_299' title='bbox 193 3061 280 3116; x_wconf 89' lang='lat' dir='ltr'><strong>sentit</strong></span> <span class='ocrx_word' id='word_1_300' title='bbox 298 3061 451 3116; x_wconf 79' lang='lat' dir='ltr'><strong>Crauertus</strong></span> <span class='ocrx_word' id='word_1_301' title='bbox 469 3061 551 3117; x_wconf 84' lang='lat' dir='ltr'><strong>Anal.</strong></span> <span class='ocrx_word' id='word_1_302' title='bbox 572 3069 630 3118; x_wconf 86' lang='lat'>110.</span> 
     </span>
    </p>
   </div>
   <div class='ocr_carea' id='block_1_10' title="bbox 191 3167 1203 3383">
    <p class='ocr_par' dir='ltr' id='par_1_19' title="bbox 191 3167 1203 3383">
     <span class='ocr_line' id='line_1_40' title="bbox 263 3167 1201 3240; baseline 0.003 -19"><span class='ocrx_word' id='word_1_303' title='bbox 263 3174 276 3221; x_wconf 93' lang='lat'>1</span> <span class='ocrx_word' id='word_1_304' title='bbox 296 3167 500 3223; x_wconf 85' lang='lat' dir='ltr'><strong>infortunatust</strong></span> <span class='ocrx_word' id='word_1_305' title='bbox 518 3169 677 3240; x_wconf 76' lang='lat' dir='ltr'><strong>Spcspelias</strong></span> <span class='ocrx_word' id='word_1_306' title='bbox 694 3173 738 3224; x_wconf 88' lang='lat' dir='ltr'><strong>est</strong></span> <span class='ocrx_word' id='word_1_307' title='bbox 756 3169 947 3223; x_wconf 85' lang='lat' dir='ltr'><strong>infortunatus</strong></span> <span class='ocrx_word' id='word_1_308' title='bbox 964 3190 988 3224; x_wconf 81' lang='grc' dir='ltr'><strong>ω</strong></span> <span class='ocrx_word' id='word_1_309' title='bbox 1007 3168 1201 3225; x_wconf 83' lang='lat' dir='ltr'><strong>infortunatus</strong></span> 
     </span>
     <span class='ocr_line' id='line_1_41' title="bbox 191 3240 1128 3312; baseline 0.007 -19"><span class='ocrx_word' id='word_1_310' title='bbox 191 3243 235 3293; x_wconf 84' lang='lat' dir='ltr'><strong>eet</strong></span> <span class='ocrx_word' id='word_1_311' title='bbox 252 3241 309 3294; x_wconf 85' lang='lat' dir='ltr'><strong>cdd.</strong></span> <span class='ocrx_word' id='word_1_312' title='bbox 329 3247 388 3295; x_wconf 83' lang='lat' dir='ltr'><strong>vett.</strong></span> <span class='ocrx_word' id='word_1_313' title='bbox 461 3240 545 3294; x_wconf 92' lang='lat' dir='ltr'><strong>homo</strong></span> <span class='ocrx_word' id='word_1_314' title='bbox 564 3242 681 3311; x_wconf 79' lang='lat' dir='ltr'><strong>Pauper,</strong></span> <span class='ocrx_word' id='word_1_315' title='bbox 701 3241 750 3310; x_wconf 91' lang='lat' dir='ltr'><strong>qui</strong></span> <span class='ocrx_word' id='word_1_316' title='bbox 767 3243 848 3312; x_wconf 80' lang='grc' dir='ltr'><em>νκλγο</em></span> <span class='ocrx_word' id='word_1_317' title='bbox 929 3246 945 3295; x_wconf 83' lang='lat'>2</span> <span class='ocrx_word' id='word_1_318' title='bbox 965 3243 1092 3310; x_wconf 83' lang='lat' dir='ltr'><strong>egestate</strong></span> <span class='ocrx_word' id='word_1_319' title='bbox 1112 3258 1128 3300; x_wconf 85' lang='grc' dir='ltr'><strong>ς</strong></span> 
     </span>
     <span class='ocr_line' id='line_1_42' title="bbox 191 3311 1203 3383; baseline 0.005 -20"><span class='ocrx_word' id='word_1_320' title='bbox 191 3317 207 3363; x_wconf 85' lang='grc'><strong>3</strong></span> <span class='ocrx_word' id='word_1_321' title='bbox 226 3312 259 3364; x_wconf 87' lang='lat' dir='ltr'><strong>ut</strong></span> <span class='ocrx_word' id='word_1_322' title='bbox 272 3314 315 3364; x_wconf 91' lang='lat' dir='ltr'><strong>est</strong></span> <span class='ocrx_word' id='word_1_323' title='bbox 330 3312 389 3366; x_wconf 81' lang='lat' dir='ltr'><strong>Vct.</strong></span> <span class='ocrx_word' id='word_1_324' title='bbox 405 3311 471 3383; x_wconf 63' lang='lat' dir='ltr'><strong>Res.</strong></span> <span class='ocrx_word' id='word_1_325' title='bbox 482 3311 565 3381; x_wconf 75' lang='lat' dir='ltr'><strong>Ros,</strong></span> <span class='ocrx_word' id='word_1_326' title='bbox 580 3315 694 3368; x_wconf 74' lang='lat' dir='ltr'><strong>correct.</strong></span> <span class='ocrx_word' id='word_1_327' title='bbox 713 3314 756 3367; x_wconf 88' lang='lat' dir='ltr'><strong>est</strong></span> <span class='ocrx_word' id='word_1_328' title='bbox 770 3315 803 3366; x_wconf 91' lang='lat' dir='ltr'><strong>ut</strong></span> <span class='ocrx_word' id='word_1_329' title='bbox 817 3329 833 3370; x_wconf 86' lang='grc' dir='ltr'>ς</span> <span class='ocrx_word' id='word_1_330' title='bbox 847 3313 926 3365; x_wconf 92' lang='lat' dir='ltr'><strong>utut</strong></span> <span class='ocrx_word' id='word_1_331' title='bbox 940 3314 983 3366; x_wconf 88' lang='lat' dir='ltr'><strong>est</strong></span> <span class='ocrx_word' id='word_1_332' title='bbox 997 3314 1061 3367; x_wconf 81' lang='lat' dir='ltr'><strong>olim</strong></span> <span class='ocrx_word' id='word_1_333' title='bbox 1075 3313 1203 3368; x_wconf 74' lang='grc' dir='ltr'><em>ἀεάννακκ</em></span> 
     </span>
    </p>
   </div>
   <div class='ocr_carea' id='block_1_11' title="bbox 184 3385 1203 3631">
    <p class='ocr_par' dir='ltr' id='par_1_20' title="bbox 184 3385 1203 3631">
     <span class='ocr_line' id='line_1_43' title="bbox 244 3385 1147 3490; baseline 0.002 -20"><span class='ocrx_word' id='word_1_334' title='bbox 244 3385 326 3486; x_wconf 52' lang='lat' dir='ltr'><strong>patei</strong></span> <span class='ocrx_word' id='word_1_335' title='bbox 345 3417 419 3472; x_wconf 82' lang='lat' dir='ltr'><strong>Rott.</strong></span> <span class='ocrx_word' id='word_1_336' title='bbox 479 3417 618 3480; x_wconf 85' lang='lat' dir='ltr'><strong>4famem</strong></span> <span class='ocrx_word' id='word_1_337' title='bbox 636 3418 710 3474; x_wconf 84' lang='lat' dir='ltr'><strong>Rott.</strong></span> <span class='ocrx_word' id='word_1_338' title='bbox 769 3418 882 3472; x_wconf 78' lang='lat' dir='ltr'><strong>facilem</strong></span> <span class='ocrx_word' id='word_1_339' title='bbox 900 3419 975 3474; x_wconf 81' lang='lat' dir='ltr'><strong>Rott.</strong></span> <span class='ocrx_word' id='word_1_340' title='bbox 1000 3419 1060 3474; x_wconf 79' lang='lat' dir='ltr'><strong>Vct.</strong></span> <span class='ocrx_word' id='word_1_341' title='bbox 1080 3419 1147 3490; x_wconf 78' lang='lat' dir='ltr'><strong>ch.</strong></span> 
     </span>
     <span class='ocr_line' id='line_1_44' title="bbox 184 3487 1203 3559; baseline 0.004 -18"><span class='ocrx_word' id='word_1_342' title='bbox 184 3488 248 3550; x_wconf 71' lang='lat' dir='ltr'><strong>,Ha</strong></span> <span class='ocrx_word' id='word_1_343' title='bbox 274 3489 423 3544; x_wconf 71' lang='grc' dir='ltr'><em>γενενανλνε</em></span> <span class='ocrx_word' id='word_1_344' title='bbox 450 3491 526 3558; x_wconf 78' lang='lat' dir='ltr'><strong>apud</strong></span> <span class='ocrx_word' id='word_1_345' title='bbox 553 3487 677 3544; x_wconf 76' lang='lat' dir='ltr'><strong>Nonium</strong></span> <span class='ocrx_word' id='word_1_346' title='bbox 696 3492 756 3558; x_wconf 87' lang='grc'>304,</span> <span class='ocrx_word' id='word_1_347' title='bbox 776 3494 809 3543; x_wconf 80' lang='lat'><strong>28</strong></span> <span class='ocrx_word' id='word_1_348' title='bbox 835 3489 944 3545; x_wconf 75' lang='lat' dir='ltr'><strong>videtur·</strong></span> <span class='ocrx_word' id='word_1_349' title='bbox 966 3489 1059 3559; x_wconf 79' lang='lat' dir='ltr'><strong>lutere,</strong></span> <span class='ocrx_word' id='word_1_350' title='bbox 1083 3491 1133 3545; x_wconf 72' lang='lat' dir='ltr'><strong>uti</strong></span> <span class='ocrx_word' id='word_1_351' title='bbox 1159 3489 1203 3545; x_wconf 83' lang='lat' dir='ltr'><strong>ita</strong></span> 
     </span>
     <span class='ocr_line' id='line_1_45' title="bbox 192 3559 913 3631; baseline 0.006 -19"><span class='ocrx_word' id='word_1_352' title='bbox 192 3575 287 3612; x_wconf 89' lang='lat' dir='ltr'><strong>eorum</strong></span> <span class='ocrx_word' id='word_1_353' title='bbox 305 3559 411 3614; x_wconf 84' lang='lat' dir='ltr'><strong>famam</strong></span> <span class='ocrx_word' id='word_1_354' title='bbox 429 3559 592 3614; x_wconf 82' lang='lat' dir='ltr'><strong>occultabat</strong></span> <span class='ocrx_word' id='word_1_355' title='bbox 609 3559 704 3615; x_wconf 83' lang='lat' dir='ltr'><strong>factio.</strong></span> <span class='ocrx_word' id='word_1_356' title='bbox 743 3561 810 3616; x_wconf 81' lang='lat' dir='ltr'><strong>Vide</strong></span> <span class='ocrx_word' id='word_1_357' title='bbox 827 3577 913 3631; x_wconf 75' lang='lat' dir='ltr'><strong>supro</strong></span> 
     </span>
    </p>
   </div>
   <div class='ocr_carea' id='block_1_12' title="bbox 0 0 1353 3910">
    <p class='ocr_par' dir='ltr' id='par_1_21' title="bbox 0 0 1353 3910">
     <span class='ocr_line' id='line_1_46' title="bbox 0 0 1353 3910; baseline 0 0"><span class='ocrx_word' id='word_1_358' title='bbox 0 0 1353 3910; x_wconf 95' lang='lat' dir='ltr'><strong> </strong></span> 
     </span>
    </p>
   </div>
  </div>
 </body>
</html>
