2686 3910
164 209 168 216 ,
188 137 231 202 84
515 130 700 218 cnuounvs
719 129 869 186 sununs

260 294 366 350 Gellius
385 293 424 347 Vl
442 293 513 363 (VII)
532 297 557 361 7,
577 299 593 346 9
614 291 803 362 ‘adprobns
826 293 934 358 tamen,
957 288 1033 356 quod
1052 287 1194 358 significat

186 366 272 421 ualde
290 365 403 436 probus,
421 381 477 418 non
495 363 602 418 infitias
621 379 654 418 eo
673 361 742 431 quin
759 361 851 432 prima
869 359 980 430 syllaba
998 359 1062 414 acui
1081 359 1192 413 debeat.

187 436 326 494 Caecilius
344 436 375 489 in
393 433 550 504 comoedia,
573 451 647 503 quae
669 432 832 488 inscribitur
850 431 1030 500 Triumphus,
1053 429 1194 485 uocabulo

187 509 243 564 isto
262 507 364 583 utitur:
382 505 536 561 Hierocles'
557 522 580 560 e.
601 524 627 574 q.
647 523 668 560 s,

680 638 711 696 H

187 742 283 808 Nunc
305 741 394 806 meae
416 739 570 823 malitiae,
592 737 736 824 ustitia,
763 760 843 822 opus
871 739 920 802 e'st
946 735 1196 801 subcenturiare.

258 863 357 918 Festus
384 880 410 932 p.
430 866 482 914 306
505 861 543 915 Μ.
573 859 851 914 ‘succenturiare
878 860 923 912 est
950 857 1103 927 explendae
1132 873 1196 910 cen-

188 933 280 989 turiae
307 933 401 1004 gratia
429 931 570 1002 supplere,
599 931 724 986 subicere
751 963 783 970 -
810 929 947 984 Caecilius
975 928 1005 982 in
1027 927 1194 998 Triumpho:

188 1006 272 1060 nunc’
293 1021 316 1060 e.
335 1023 362 1073 q.
382 1021 402 1058 s.
440 1003 543 1058 Paulus
563 1008 615 1058 307
632 1003 670 1058 M.
696 1000 972 1056 ‘succenturiare
997 1031 1032 1041 -
1057 999 1196 1069 supplere.

188 1076 342 1132 Caecilius:
361 1075 446 1129 nunc'
467 1091 490 1129 e.
509 1093 535 1142 q.
557 1092 577 1129 s.

259 1182 395 1238 Numeros
408 1182 543 1253 Bcrptius
556 1180 695 1250 perspexit
748 1177 868 1232 militiae
884 1177 960 1232 Festi
974 1179 1029 1234 cod.
1077 1177 1199 1232 Hiotum

189 1256 222 1308 e'u
239 1255 354 1310 dicerene¹
371 1255 437 1309 olim
453 1255 482 1306 te
501 1253 642 1307 tenereado
660 1251 764 1320 explevi
785 1287 788 1300 .
828 1247 1037 1302 subcenturiare
1058 1248 1087 1304 O.
1104 1248 1197 1303 Mael-

190 1327 262 1380 lerua
285 1322 464 1378 subcenturia
483 1322 559 1377 Festi
576 1324 633 1378 cort.
660 1319 836 1375 succenturia
854 1321 962 1374 Paulas
984 1318 1197 1374 subcenturiata

191 1397 253 1451 Bac
272 1392 476 1448 subcenturiari
494 1394 630 1464 Berploa'ao
701 1394 745 1446 est
763 1389 971 1444 succenturiata
990 1407 1059 1459 opus
1078 1391 1197 1446 Bouttos

465 1561 519 1620 EX
541 1559 727 1620 INOERTIS
749 1503 921 1618 Flavius

685 1665 701 1723 I

139 1788 191 1836 230
201 1767 295 1834 Nrinc
318 1767 403 1832 enim
427 1767 554 1832 demum
577 1767 622 1832 mi
645 1767 770 1830 animus
793 1765 892 1852 ardet,
913 1769 999 1830 minc
1017 1787 1124 1830 meum
1143 1785 1199 1830 cor

776 1873 957 1938 cumulatur
980 1873 1036 1937 ira.

265 1993 360 2050 Cicero
387 2010 437 2064 pro
456 1993 551 2048 Caelio
571 1999 617 2062 16,
636 1999 670 2048 37
691 1994 788 2049 ‘redeo
811 2012 885 2048 nuno
909 1995 946 2048 ad
969 1996 1010 2061 te,
1039 1992 1130 2062 Caeli,
1157 1993 1200 2046 ni-

193 2065 296 2136 cissim‚
316 2083 349 2120 ac
366 2065 436 2119 mihi
455 2065 652 2120 auctoritatam
670 2065 792 2134 patriam
814 2065 1048 2134 seueritatemque
1068 2063 1200 2134 suscipio.

193 2138 244 2192 sed
267 2136 366 2191 dubito
389 2153 472 2205 quem
492 2139 602 2205 patrem
623 2135 801 2206 potissimum
824 2154 944 2192 sumam:
973 2135 1200 2190 Caecilianumne

194 2208 330 2277 aliquem,
358 2208 552 2262 uehementem
574 2210 659 2275 atque
683 2207 800 2262 durum?
835 2208 930 2261 Nunc
957 2206 1059 2260 enim’
1088 2223 1110 2262 e.
1131 2225 1157 2275 q.
1178 2225 1199 2262 s.

194 2279 271 2334 idem
294 2279 330 2332 de
352 2278 397 2332 fin.
416 2278 442 2332 Π
460 2285 485 2346 4,
506 2284 540 2332 14
560 2278 723 2348 ‘intellegas
742 2277 815 2332 inter
833 2278 914 2332 illum
932 2277 981 2346 qui
1000 2277 1088 2333 dicat:
1117 2281 1201 2332 tanta

194 2349 307 2405 laetitia
320 2351 419 2404 auctus
438 2367 499 2404 sum
517 2351 550 2404 ut
567 2349 608 2402 nil
627 2351 743 2420 constet,
764 2351 869 2403 etcum
883 2349 944 2418 qui:
963 2367 1050 2403 nunc
1069 2349 1201 2403 demum

194 2421 278 2476 mihi
297 2420 428 2474 animus
448 2421 557 2490 ardet,
576 2437 694 2489 quorum
710 2419 785 2474 alter
802 2419 914 2474 laetitia
927 2419 1040 2490 gestiat,
1060 2419 1131 2474 alter
1151 2420 1200 2474 do-

194 2493 254 2546 lore
278 2491 428 2561 crucietur,
454 2507 514 2546 esse
539 2491 620 2546 illum
643 2491 767 2546 medium
786 2535 792 2546 .
808 2535 813 2545 .
830 2536 835 2546 .
855 2491 904 2560 qui
925 2508 977 2546 nec
1002 2491 1123 2546 laetetur
1148 2508 1201 2546 neo

195 2564 335 2633 angatur)
374 2563 563 2618 Caecilianum
588 2565 699 2632 patrem
726 2561 916 2628 Quintilianus
939 2562 1025 2631 XII,
1045 2561 1201 2616 39Teren-

195 2633 274 2688 tiano
294 2634 417 2704 opponit.
454 2633 488 2686 Ei
512 2637 607 2698 autem
624 2633 670 2688 vel
692 2633 722 2687 in
739 2633 828 2688 ,Asoto
847 2634 892 2704 (H)
910 2633 955 2687 vel
973 2632 1004 2687 in
1021 2633 1148 2688 Fallacia
1166 2635 1201 2704 (I)

195 2705 242 2829 iil
265 2705 295 2759 in
318 2705 457 2774 Hymnide
475 2705 560 2776 (Vlll)
583 2704 629 2760 vel
651 2704 681 2758 in
703 2703 888 2759 Pausimacho
912 2705 970 2775 (IV)
993 2704 1082 2774 fingas
1104 2707 1201 2774 partes

228 2792 291 2832 rsse.

196 2955 224 3020 Ο
248 2955 373 3040 infelix,
396 2977 415 3020 o
438 2954 581 3020 sceleste!

602 3061 621 3102 *lt
773 3061 792 3102 ²1<

687 3106 706 3148 *

130 3190 132 3196 ’
197 3167 309 3254 Egone
333 3168 410 3253 quid
434 3168 559 3232 dicam?
582 3189 665 3254 egon
688 3166 766 3252 quid
787 3167 908 3233 uelim?
924 3191 1012 3253 vquae
1035 3171 1071 3233 tu
1095 3169 1203 3234 6mnia

196 3274 275 3338 Tuis
297 3275 399 3340 foe‘dis
422 3275 515 3339 factis
537 3274 616 3338 facis
634 3278 671 3338 ut
693 3274 888 3359 nequiqua'm
910 3275 1017 3340 uelim.

602 3379 621 3421 ³1⁶
773 3379 792 3420 ss

687 3424 706 3465 21⁸

197 3486 296 3552 Istam
319 3487 354 3552 1‘11
376 3487 575 3552 uicinitatem
598 3491 630 3552 te
653 3485 867 3551 meretriciam
970 3536 972 3544 .
