2684 3908
175 200 241 268 246
566 170 795 258 66666666

179 403 183 408 .
246 359 333 414 uiden
355 362 387 414 66
411 361 552 417 Marcone
580 361 680 416 uident
702 364 734 415 ut
756 383 778 416 ω
797 379 827 430 p
842 367 894 416 466
919 361 1019 415 uident
1042 383 1063 416 ω
1082 381 1112 431 p.
1126 367 1189 430 504,-

173 433 231 486 atsi
249 433 321 512 qaod
338 431 424 486 uiden
442 449 490 488 666.
507 433 596 488 Fabri
613 441 726 504 atroque
745 435 814 488 loco:
833 434 899 500 os.
887 451 919 487 aa
936 433 1017 488 Acca
1034 450 1058 488 6
1074 439 1126 488 303
1140 407 1189 488 Bd

99 523 101 529 ·
174 594 196 630 ω
180 501 315 644 plaia?
338 502 461 568 lacrimis
482 505 605 560 Kocta'ae
691 507 772 558 tuum
789 505 894 559 Jonas
915 506 977 558 tum
994 525 1016 558 ω
1035 521 1065 574 p.
1081 510 1133 559 504
1155 507 1189 558 66

657 671 702 730 VI

173 770 250 837 Non
273 775 462 857 amatorem,
486 771 564 836 olim
588 771 846 837 defensoremt
809 773 858 837 uti
880 773 1009 858 peream
1031 773 1128 838 uolet

244 893 353 948 Nonius
368 900 458 964 368,6
474 893 567 948 ‘olim
580 893 720 963 temporis
728 893 856 950 futuri..
868 893 1022 949 ‚Afranius
1037 895 1187 964 Suspecta:

173 966 241 1050 non’
258 982 280 1020 e
296 983 322 1034 q.
339 984 359 1020 s
712 995 714 998 ·

244 1089 317 1125 nunc
336 1073 489 1140 Merserae,
511 1073 575 1140 soit.
594 1079 663 1128 recte
735 1075 893 1127 amatorum
910 1073 1021 1128 ΒΘΗ1
1041 1075 1186 1142 materem,

173 1161 241 1199 corr.
256 1146 417 1210 amatorem,
436 1143 463 1197 L
533 1143 707 1197 defensorem
725 1145 806 1198 edo.
823 1149 891 1198 1498
910 1143 1056 1198 defensore
1070 1145 1105 1198 H
1106 1144 1193 1198 ’LW

174 1214 304 1278 defensor
322 1214 432 1270 BGH¹
498 1214 541 1269 nti
559 1216 657 1284 scripsi
674 1217 707 1268 ut
725 1236 747 1269 ω
818 1231 932 1284 peream
949 1214 996 1270 L?
1013 1231 1064 1285 per
1082 1231 1146 1268 eum
1164 1236 1186 1284 φ

172 1286 289 1355 perdam
307 1287 348 1340 oet
364 1285 483 1355 prodam
500 1288 666 1342 coniecerant
683 1302 870 1355 peream,.me
886 1304 907 1342 6
959 1288 1034 1340 minc
1051 1289 1187 1355 amatore,

173 1374 198 1411 o.
218 1357 364 1410 defensore
382 1355 425 1410 uti
443 1359 487 1427 (=
507 1361 641 1428 χρῆσθαι)
660 1373 710 1426 per
728 1373 792 1411 eum
810 1375 837 1412 u.
856 1358 919 1412 Bae
955 1386 957 1390 ·

648 1504 719 1566 VH,

171 1585 218 1672 Vt
240 1630 291 1672 me
315 1609 382 1673 esse
405 1609 439 1672 in
462 1608 580 1674 haere
604 1609 699 1673 ddcat
721 1608 779 1673 abs
801 1612 834 1673 te
857 1607 1043 1672 extrarium.

242 1728 351 1784 Nonius
367 1735 428 1804 103,
444 1735 477 1784 10
497 1728 710 1798 ‘extrarium
730 1729 812 1797 quasi
831 1728 974 1783 alienum.'

640 1879 715 1937 VIII

118 1995 170 2046 666
180 1979 271 2046 Adeo
295 1984 332 2045 66
354 1984 387 2045 66
411 1981 508 2045 satias
531 1981 659 2065 caperet
681 1981 744 2045 toti
766 1959 917 2046 familiae.

241 2103 402 2157 Pnscianus
421 2121 448 2173 p
463 2102 594 2158 694P.‘
600 2102 655 2172 ipsi
677 2120 728 2172 pro
752 2102 842 2172 ipsius
860 2102 1025 2157 Afranius
1017 2121 1048 2156 1n
1065 2101 1186 2158 Homine

190 2175 316 2230 ..toti'
337 2177 444 2244 (totae
458 2173 610 2243 Vossius)‘
612 2191 662 2244 pro
682 2173 769 2228 totius
788 2173 891 2228 idem
882 2193 912 2227 1n
932 2174 1080 2244 Suspecta:
1100 2174 1182 2229 adeo’

171 2217 195 2304 6.
209 2264 236 2315 q.
252 2264 273 2301 s.
309 2245 387 2299 Idem
407 2264 434 2315 p
447 2246 576 2300 ⁷1an
578 2263 749 2314 quamquam
771 2244 953 2298 inueniantur
976 2246 1052 2315 apud
1075 2248 1185 2300 ueteres

171 2321 201 2373 et
224 2316 371 2376 nominum
397 2317 481 2371 modo
505 2316 658 2371 declinata’
683 2320 765 2386 (nnus
788 2316 863 2369 ullus
888 2316 983 2369 nullus
1007 2316 1083 2370 solus
1106 2319 1184 2370 totus

171 2389 255 2459 alius)
279 2388 325 2442 ‘id
350 2390 394 2442 666
421 2387 620 2470 genetiuum'
612 2387 689 2457 mi,
718 2390 747 2441 et
770 2385 932 2441 datiuum
923 2405 953 2439 m
976 2404 992 2441 o
1017 2387 1186 2444 desinentia

170 2461 231 2515 Nec
250 2460 342 2514 solum
359 2460 438 2542 haec,
458 2461 507 2514 sed
527 2459 622 2514 omnia
635 2475 709 2527 quae
728 2458 815 2513 simili
833 2457 1022 2512 declinatione
1041 2460 1186 2540 proferun-

171 2534 231 2600 tur,
259 2530 368 2586 sicut'
359 2549 418 2585 lam
445 2531 476 2585 in
502 2529 692 2600 superioribus
720 2528 948 2586 6666666666..
965 2529 1163 2584 .Afranius'
1155 2549 1186 2584 ι6

173 2603 320 2673 Suspecta:
342 2604 463 2658 adeo„
478 2601 639 2672 familiae,
657 2617 708 2670 pro
726 2600 834 2655 totius'

242 2709 334 2770 6ο6ἰΞ
347 2710 475 2778 136666
482 2714 533 2764 717
547 2709 607 2762 6666
619 2708 713 2763 Oarol'
702 2726 735 2763 ar
745 2708 816 2762 atter
828 2708 907 2761 totae
922 2707 1046 2762 Dormst.
1058 2725 1112 2777 cp
1123 2713 1186 2776 694,

173 2776 289 2838 caroea.
305 2799 335 2851 p
353 2786 402 2834 717
421 2783 483 2836 cam
501 2781 567 2836 alite
584 2781 680 2834 detesr.

589 2940 592 2946 '
658 2929 702 2988 IX

171 3033 274 3099 'Pnam
297 3031 498 3097 mdiestatem
521 3034 554 3096 66
579 3031 720 3118 nominis
747 3029 911 3094 matronae
937 3029 1185 3095 sanctitstdinem

242 3153 351 3209 Nonius
374 3158 438 3222 174,
458 3156 474 3206 8
500 3151 716 3206 ‘sanctitudo
739 3168 790 3222 pro
815 3149 952 3206 sanctitas
1051 3151 1185 3206 Afranius

172 3226 322 3296 Suspecta:
341 3225 431 3279 tuam'
447 3240 470 3279 e.
486 3242 512 3292 q.
528 3241 549 3278 s.
1222 3233 1226 3239 ·

665 3356 692 3414 X

173 3489 180 3525 ;
204 3461 238 3523 in
261 3459 418 3524 Hortinos
446 3459 510 3523 iam
534 3460 691 3542 qnantum
718 3460 794 3541 pote
820 3457 989 3542 e'xplodam
1011 3414 1187 3542 hominem,

710 3559 712 3562 ’
758 3568 796 3629 66
818 3563 977 3629 uffioetur.
1060 3629 1062 3632 .
