2694 3906
579 146 738 202 TITINIVS

630 315 690 374 VII

632 421 664 482 et
688 417 784 502 quem
806 416 894 482 colos
917 417 1079 483 eumdtiiis

152 523 273 590 Deserit
1168 541 1219 590 115

222 644 331 700 Nonius
350 649 411 714 548,
431 650 464 699 10
485 643 679 699 ‘eumatilis
699 647 749 699 sut
766 645 891 700 marinus
910 647 961 699 eut
979 645 1165 714 caeruleusa

153 715 260 771 Graeco
282 719 417 784 tractum,
440 716 522 785 quasi
544 715 680 770 fluctuum
704 715 817 786 similis;
840 717 941 773 fluetus
966 715 1041 770 enim
1060 716 1165 772 Graece

152 791 265 857 cymata
285 786 435 842 dicuntur.'
457 787 653 857 (pumatilis
671 787 709 841 W
726 787 922 858 plumatilis
941 787 978 840 W
996 787 1027 840 in
1044 791 1112 858 mg.)

224 899 238 947 1
259 909 375 962 ecquem
393 895 513 950 Bottius
584 893 727 948 cumatilis
746 895 793 949 Ba
812 893 951 948 cumatius
971 914 992 963 φ

619 1045 694 1103 VIH

150 1146 220 1212 Idm
243 1167 317 1210 eum
340 1146 467 1210 mulleis
486 1150 518 1211 te
537 1145 716 1231 detendisti,
734 1147 816 1230 qu6s
835 1146 971 1211 tibialis
985 1147 1020 1211 in
1033 1147 1164 1214 adesos.

222 1267 322 1322 Festus
344 1285 371 1337 p.
388 1273 439 1322 142
458 1268 495 1322 M.
521 1267 681 1322 ‘mulleos
704 1283 792 1338 genus
816 1267 974 1322 calceorum
996 1267 1078 1323 aiunt
1096 1284 1165 1339 esse,

151 1337 254 1408 quibus
272 1355 352 1409 reges
370 1339 545 1394 Albanorum
562 1339 659 1408 primi,
688 1338 789 1393 deinde
811 1338 925 1408 patricii
949 1341 1015 1394 sunt
1037 1339 1089 1394 usi.
1127 1340 1164 1396 M.

152 1409 222 1465 Cato
236 1441 272 1450 -
286 1409 403 1464 —item
421 1409 543 1464 Titinius
562 1409 592 1464 in
612 1409 768 1466 Seriane:
786 1409 868 1464 iam’
889 1426 912 1464 e.
927 1427 954 1478 q.
970 1428 990 1466 s.
1015 1410 1095 1479 ‘quos
1114 1429 1164 1482 pu-

152 1483 217 1536 tant
235 1498 253 1535 a
271 1481 417 1536 mullando
436 1481 527 1536 dietus
547 1481 590 1534 ·i·
611 1481 738 1536 suendo.’
768 1480 900 1550 (Setina
918 1481 1034 1551 Aldina)

222 1587 317 1642 mullis
332 1587 511 1644 Hemnaunus
524 1586 660 1642 mullibus
674 1590 731 1645 cod.
786 1587 841 1642 tibi
860 1588 913 1644 slis
932 1588 962 1642 in
976 1589 1047 1644 idem
1063 1588 1166 1644 tibiam
1267 1611 1270 1618 ¹

152 1658 177 1712 si
195 1661 250 1714 cod.
308 1659 459 1727 Opi-coruli.
478 1658 553 1712 LXII

639 1791 682 1850 IX

631 1891 713 1957 itum
736 1893 864 1979 gestum
887 1894 1041 1960 amietum

153 1999 220 2078 Qus
239 1999 394 2066 uidebant
416 2000 485 2065 dius

222 2121 331 2176 Nonius
352 2127 460 2191 123,10
481 2121 581 2177 ‘itum
599 2138 649 2191 pro
667 2121 786 2176 incessu.
810 2121 932 2176 Titinius
952 2121 1062 2178 Setius:
1081 2121 1164 2177 itum'

152 2210 176 2250 e.
196 2211 221 2262 q.
243 2211 264 2248 s.
301 2193 492 2264 (sedinaH1
510 2191 652 2247 sedtina
670 2192 711 2246 H²
729 2191 826 2246 sedin
845 2192 918 2262 rm)

225 2305 239 2352 1
259 2298 302 2354 itu
322 2301 429 2354 nestum
450 2299 523 2354 Μ
539 2299 613 2353 itum
632 2314 712 2352 eessu
735 2299 787 2353 W¹
807 2302 855 2368 (ars
873 2297 1042 2368 incessum)

645 2450 672 2507 X

151 2550 228 2616 Etsi
244 2551 372 2636 tacebit,
395 2553 503 2616 taimen
521 2550 675 2637 gaudebit
693 2549 758 2615 sibi
776 2549 883 2634 (ism)
901 2549 1050 2634 promitti
1065 2551 1166 2620 dread

223 2673 323 2728 Festus
341 2691 368 2743 p.
384 2679 434 2728 182
445 2673 491 2728 II.
513 2672 643 2741 ‘oreae
661 2671 734 2726 freni
753 2672 828 2740 quod
847 2671 889 2726 ori
906 2670 1087 2728 inseruntur.’

224 2777 400 2848 promittiore
418 2779 475 2835 eod.
598 2776 652 2831 tibi
671 2779 768 2831 tamen
785 2776 924 2846 gaudebit
941 2777 1068 2847 permitti
1087 2794 1167 2833 oreas

154 2850 332 2906 Hermawnus

153 3048 297 3114 Vidistin
315 3047 481 3113 Tiberim?
501 3084 542 3094 —
562 2945 735 3132 Vidiinui
754 3047 844 3112 illum
863 3047 996 3134 deriuet
1014 3047 1159 3113 besuerit
1170 3064 1222 3116 120

153 3154 279 3242 Agrum
304 3153 459 3220 Setinum.

225 3276 337 3332 Servius
360 3275 391 3330 in
413 3276 481 3330 Aen.
501 3276 540 3330 XI
562 3281 614 3331 457
640 3275 775 3330 ‘ceterum
801 3275 873 3329 illud
901 3275 1087 3357 incongruum
1114 3278 1165 3346 est,

154 3347 295 3402 Padusam
317 3347 452 3402 feminino
475 3363 576 3418 genere
601 3346 681 3401 iuxta
704 3348 812 3402 ueteres
835 3347 944 3402 Padum
968 3347 1082 3402 dictum.
1119 3347 1165 3402 Ti-

153 3418 242 3473 tinius
260 3419 290 3474 in
309 3419 417 3476 Setina:
436 3417 566 3474 uidistin’
588 3434 611 3473 e.
627 3436 653 3487 q.
669 3436 690 3474 s.

227 3531 241 3578 1
261 3527 365 3582 Iterum
379 3532 443 3596 post
460 3525 521 3580 uidi
539 3527 645 3582 murm·
659 3541 804 3594 personum
823 3525 905 3598 findit
924 3525 1109 3584 Neukirctius

210 3624 288 3666 sessu.
302 3636 363 3675 poss.
377 3625 441 3668 Rom.
456 3625 538 3679 fragm.
553 3625 588 3668 sd.
603 3625 723 3667 Eminet.
737 3625 769 3666 11.
976 3621 1008 3669 12
