2686 3910
174 159 216 222 88
503 154 687 210 OAEOIHVS
707 155 857 210 STATIVS

176 319 232 390 est]
254 317 289 385 cf.
305 317 405 376 leeti
418 317 517 372 Pseud.
533 321 602 370 1213
615 321 642 376 et
654 317 789 387 symbolae
801 333 875 372 meac
892 317 930 372 ad
943 323 1018 386 pust.
1037 317 1188 386 Let.p.17

233 386 425 458 deintegrubit
444 389 509 443 clim
527 389 642 456 conieci,
665 389 738 457 meod
754 403 811 447 nou
828 389 1014 444 necessarum.
1069 386 1189 458 uirginis

174 460 219 516 Η1
229 461 269 516 W
281 457 405 528 uergimis
425 479 446 529 φ

579 559 585 568 “
646 573 719 631 xm

176 676 316 742 Venerio
340 695 435 740 cursu
458 675 547 759 ueni,
569 673 696 760 prclctc
718 673 797 759 pede

177 784 287 868 Vsque
309 783 351 847 a'd
373 781 566 867 scaphonem

247 905 370 959 Isidorus
391 902 545 974 011qu
563 907 620 970 4‚5
641 902 808 972 ‘scaphon
826 901 901 956 funis
920 901 950 954 in
967 919 1051 971 prore
1068 900 1186 970 positus.

176 978 212 1032 dc
230 993 286 1046 quo
306 974 457 1030 Caecilius:
475 973 607 1029 Venerio’
628 989 651 1028 e.
672 991 698 1042 q.
718 992 738 1028 s.
768 973 936 1044 (cecilius,
959 991 994 1027 m.
1015 980 1030 1026 2
1050 989 1188 1042 suprascr.

176 1047 321 1103 lucilius
340 1047 449 1103 Monac.
464 1045 621 1114 licinius,
641 1061 777 1114 suprascr.
795 1045 894 1100 eudem
911 1063 947 1098 m.
966 1044 1021 1098 uel
1040 1043 1188 1098 cecilius

176 1121 321 1190 lisgerus,
345 1118 419 1172 unde
443 1117 478 1171 de
502 1119 616 1171 auctore
639 1115 722 1170 huius
750 1115 806 1172 leci
834 1115 958 1173 dubitari
985 1131 1067 1185 posse
1092 1117 1190 1171 monet

177 1189 354 1261 Spengelius)

250 1303 264 1351 1
285 1313 395 1350 cursum
418 1296 549 1363 Wolfcub.
618 1293 761 1364 prolatum
783 1293 916 1362 Wolfeub.
979 1293 1051 1362 pede
1068 1309 1103 1349 sc.
1122 1294 1188 1365 cele]

177 1368 295 1442 pedem
315 1371 405 1439 (erasa
424 1369 447 1436 s)
466 1367 579 1422 Monac.
598 1366 683 1436 pedes
706 1365 765 1420 Suu
783 1381 845 1420 erm.
864 1369 916 1418 805
935 1370 960 1420 et
981 1381 1031 1420 scr.
1053 1382 1065 1418 s
1083 1367 1115 1419 iu
1132 1381 1187 1423 rus.

179 1441 320 1511 saepem.
341 1443 392 1492 806
512 1443 527 1491 2
552 1437 721 1506 scaphcnem
813 1452 899 1491 ramus
927 1435 1052 1490 saionem
1075 1436 1188 1490 Monac.

124 1565 126 1571 .
180 1512 379 1584 Suspectam.
394 1507 527 1564 fcbcnem
536 1509 669 1576 Wolfecl».
685 1507 838 1580 suphcncm
851 1509 904 1562 alii
921 1507 1002 1565 sufon
1014 1509 1092 1579 plens.
1102 1507 1188 1562 Bere.

647 1640 718 1698 XIV

177 1793 374 1808 .......
397 1763 490 1806 mane
513 1745 551 1805 ut
573 1742 613 1806 e'x
636 1745 733 1825 portu
755 1741 790 1806 in
812 1739 961 1806 Piraeum

251 1863 346 1918 Cicero
366 1863 403 1916 ad
420 1861 542 1916 AttVll
561 1867 635 1930 3,10
656 1861 750 1917 “uenio
769 1863 807 1916 ed
824 1862 954 1932 Piraeea,
973 1863 1003 1916 in
1022 1879 1077 1932 quo
1095 1861 1189 1932 magis

178 1935 422 2006 reprehendendus
446 1950 508 1986 sum
530 1933 606 2001 quod
624 1932 707 1987 homo
726 1933 868 1988 Romanus
886 1933 1004 1988 Piraeea
1022 1933 1190 2004 scripserim,

179 2025 236 2062 non
254 2005 411 2059 Piraeum
429 2036 463 2046 -
483 2003 523 2058 sic
543 2003 618 2059 enim
636 2020 731 2060 omnes
749 2004 839 2059 nostri
857 2004 946 2060 locuti
966 2007 1032 2060 sunt
1049 2037 1084 2050 -ψ
1103 2021 1190 2072 quum

178 2079 214 2132 in
232 2076 308 2146 quod
327 2075 483 2130 addiderim
504 2120 509 2130 .
525 2117 531 2130 .
548 2119 553 2130 .
570 2119 576 2130 .
594 2077 722 2130 nostrum
740 2075 853 2144 quidem
872 2076 896 2130 si
915 2078 958 2130 est
995 2078 1134 2143 cocetum,
1158 2075 1189 2128 in

180 2167 213 2204 ec
233 2151 277 2203 est
295 2147 370 2223 quod
387 2163 445 2201 non
463 2149 496 2200 ut
518 2147 553 2200 de
577 2146 680 2216 oppido
703 2146 814 2201 locutus
838 2165 911 2215 sum,
935 2164 964 2202 sc
1007 2149 1040 2201 ut
1063 2145 1189 2215 deloco,

180 2223 348 2288 secutusque
372 2235 446 2287 sum,
468 2234 526 2272 non
545 2217 608 2271 dico
627 2217 791 2274 Caecilium:
814 2220 911 2272 manc’
932 2235 956 2275 e.
976 2237 994 2288 q
1022 2237 1042 2273 s.
1082 2216 1190 2272 ‘mulus

179 2291 255 2348 enim
282 2292 381 2345 auctor
407 2288 572 2344 Latinitatis
601 2291 656 2358 est,
686 2289 735 2342 sed
758 2289 931 2360 Terentium,
960 2289 1039 2344 cuius
1066 2287 1190 2343 tabellae

177 2359 946 2503 {istesttttlttttttmtllltlte9¹
965 2359 1062 2416 mm
1091 2357 1189 2416 tm

656 2563 712 2620 XV

188 2718 320 2734 .....
345 2667 439 2732 desim
462 2666 518 2754 qui
540 2688 606 2732 non
629 2670 790 2733 summum
812 2669 917 2751 putet,

125 2792 179 2840 260
189 2774 257 2840 Aut
280 2775 417 2838 stultum
439 2776 495 2836 uut
517 2793 624 2836 rerum
648 2793 715 2836 esse
738 2770 912 2856 inperitum
936 2771 1140 2842 existumem:

189 2881 261 2946 cuii
283 2879 318 2944 1‘11
340 2901 437 2944 manu
460 2879 519 2963 sit7
542 2880 637 2962 que'm
660 2900 728 2942 esse
752 2879 930 2943 dementem
953 2878 1046 2963 uelit,

189 2987 291 3065 Quem
314 2987 439 3070 supere,
463 3005 557 3068 quem
581 2984 700 3070 sundri,
724 3007 818 3069 quem
841 2985 875 3049 in
897 2984 1047 3050 morbum
1070 2983 1147 3048 inici

180 3201 282 3277 Quem
305 3199 417 3264 c6ntra
440 3197 553 3282 umeri,
577 3219 672 3280 quem
696 3198 816 3283 e‘xpeti,
839 3219 934 3282 quem
957 3197 1115 3262 urce‘ssier.
1176 3213 1190 3254 ⁵

252 3319 347 3376 Cicero
370 3320 451 3376 Tusc.
472 3317 542 3390 disp.
561 3317 600 3372 IV
619 3323 666 3388 32,
691 3323 724 3374 68
750 3320 842 3373 ‘totus
865 3335 932 3374 uero
955 3318 1010 3373 iste
1032 3318 1081 3386 qui
1104 3317 1191 3387 uolgo

180 3392 342 3462 appellatur
355 3409 433 3446 amor
448 3435 454 3446 .
470 3435 476 3447 ,
493 3393 612 3446 ,tentae
626 3389 753 3444 leuitatis
772 3393 823 3460 est,
842 3393 875 3444 ut
891 3389 964 3444 nihil
982 3389 1095 3444 uideem
1113 3389 1191 3459 quod

179 3467 278 3535 putem
305 3462 510 3517 conferendum.
547 3478 631 3532 quem
654 3461 791 3517 Caecilius
820 3462 918 3516 deum’
939 3478 962 3516 e.
982 3479 1008 3530 q.
1028 3479 1048 3516 s.
1085 3460 1191 3515 Versus

184 3542 259 3605 leq,
289 3548 440 3604 congruere
469 3551 532 3588 cum
558 3533 718 3604 Euripideis
743 3534 851 3605 (Auges
878 3533 911 3588 fr.
932 3538 982 3588 269
1001 3532 1061 3604 ΝΞ)
1086 3529 1191 3602 Ἐρωτα
