2666 3914
541 155 745 210 PRAEFATIO
1097 158 1149 213 VH

136 344 233 401 pauea
261 324 369 384 habeo:
401 324 532 400 primum
564 324 672 384 calami
704 325 752 384 vel
784 343 890 400 operae
921 327 1053 404 lapsum,
1086 346 1146 403 quo

134 415 192 474 vol.
211 413 227 471 I
250 433 279 489 p.
293 413 353 470 VII
381 413 452 471 anni
477 432 619 472 numerus
641 413 737 472 falsus
763 414 847 473 1878
871 413 996 493 legitur,
1025 415 1078 491 qui
1101 419 1147 474 est

136 505 236 580 18883
269 504 335 560 tum
366 502 398 559 in
430 501 514 560 Aeeii
546 523 572 562 v.
593 503 634 561 37
664 501 832 561 seruitiis
865 496 939 581 (non
972 496 1145 586 seruItas)

132 591 225 650 habet
247 591 285 668 L,
309 611 337 650 v.
355 593 415 650 121
441 590 491 648 sit
519 590 613 666 quod
635 583 678 648 Hl
702 583 775 669 (non
798 581 868 672 H2),
896 593 959 652 263
984 591 1040 650 uti
1063 596 1145 652 extat

131 680 163 737 in
180 679 253 757 eorl,
272 682 309 738 ut
326 679 358 737 in
376 679 531 754 proeedosi
549 681 732 739 notaveram.
762 679 889 755 denique
905 681 1023 756 Turpili
1041 681 1145 740 fabula

131 768 322 844 Epioleros
345 767 532 828 inscribenda
555 771 628 846 erat,
652 787 711 826 non
734 767 898 844 Epielerus

197 857 241 914 At
263 857 366 916 auxit
388 855 612 935 tragicorum
631 855 773 932 reliquias
793 857 924 934 eleganti
943 875 1031 916 sensu
1049 877 1145 934 nuper

130 945 163 1004 L.
174 946 287 1004 HAvnr
307 936 423 1026 (Revue
438 945 473 1004 de
489 945 592 1022 philol.
610 947 693 1004 1897
710 945 780 1003 XXI
797 966 827 1021 p.
839 935 924 1026 159).
957 966 1027 1004 nam
1042 945 1144 1007 Cicero

129 1035 166 1092 de
184 1035 307 1110 harusp.
321 1052 398 1110 resp.
415 1036 455 1094 39
476 1033 573 1094 Olodii
592 1033 747 1112 exagitans
765 1034 882 1112 flagitia
899 1053 968 1094 oum
984 1035 1057 1094 haee
1075 1055 1144 1112 pro-

129 1123 250 1182 tulerit:
260 1117 290 1181 ‘a
302 1123 348 1182 uis
360 1122 481 1198 quidem
492 1123 712 1182 immortalibus
725 1141 801 1199 quae
813 1125 914 1199 potest
925 1123 1038 1182 homini
1048 1124 1144 1184 maior

129 1230 193 1270 esse
217 1230 315 1287 poena
337 1212 438 1270 furore
459 1213 550 1287 atque
570 1210 740 1270 dementia?
762 1211 821 1270 nisi
843 1211 921 1272 forte
944 1212 975 1270 in
997 1215 1144 1290 tragoe-

130 1300 202 1358 diis
227 1319 302 1376 qnos
325 1301 447 1360 vulnere
472 1310 506 1358 ao
526 1299 626 1360 dolore
650 1300 782 1376 eorporis
804 1300 930 1360 erueiari
953 1303 984 1360 et
1008 1299 1143 1360 consumi

129 1389 227 1466 vides,
259 1389 411 1466 graviores
439 1389 563 1448 deorum
590 1388 806 1448 immortalium
833 1389 893 1448 iras
922 1389 1021 1448 subire
1050 1408 1141 1466 qnam

128 1477 213 1554 illos²
237 1477 291 1554 qui
313 1478 446 1536 furentes
469 1477 664 1554 inducuntur,
693 1479 792 1554 putas.
834 1498 893 1538 non
917 1481 987 1536 sunt
1010 1478 1055 1536 illi
1079 1478 1141 1538 eiu-

127 1567 210 1624 latus
235 1569 266 1625 et
288 1565 419 1644 gemitus
437 1565 625 1626 Philoctetae
648 1569 711 1624 tam
733 1565 843 1644 miseri,
867 1586 1052 1642 quamquam
1070 1570 1141 1626 sunt

129 1655 244 1732 acerbi,
274 1674 366 1730 quam
388 1655 442 1714 illa
465 1655 611 1714 exultatio
634 1655 827 1714 Athamantis
851 1657 881 1714 et
908 1674 1000 1732 quam
1026 1655 1142 1714 senium

128 1743 365 1802 matricidamm.
397 1745 442 1821 tu,
461 1763 530 1803 oum
548 1743 672 1802 furiales
690 1743 721 1801 in
740 1743 928 1803 contionibus
942 1761 1028 1803 voees
1045 1744 1141 1803 mittis

130 1877 245 1891 .....
272 1833 338 1890 tum
365 1832 531 1910 baeohariS‚
559 1835 625 1890 tum
651 1832 739 1909 furis,
767 1835 832 1890 tum
860 1832 913 1890 das
942 1852 992 1892 eas
1020 1851 1140 1910 poenas,

130 1939 207 1997 quae
227 1921 308 1980 solae
333 1923 404 1978 sunt
426 1920 582 1980 hominum
605 1920 708 1980 sceleri
728 1920 809 1979 adis
832 1921 1053 1980 immortalibus
1072 1939 1141 1981 eon·

131 2010 265 2069 stitutae.
312 2028 381 2067 nam
410 2009 540 2084 eorporis
569 2009 691 2086 quidem
717 2009 812 2068 nostri
841 2009 998 2068 infirmitas
1028 2011 1140 2069 multos

132 2098 213 2157 subit
236 2117 323 2157 nasus
345 2117 399 2174 per
422 2116 465 2176 se,
495 2097 622 2174 denique
650 2098 749 2174 ipsum
773 2117 880 2174 eorpus
905 2099 1081 2158 tenuissima
1104 2099 1139 2158 de

131 2205 223 2246 eausa
234 2205 322 2262 saepe
332 2186 496 2246 eonfioItur.
524 2185 669 2246 deorum
687 2188 762 2246 tela
780 2187 816 2245 in
835 2187 1027 2264 impiorum
1046 2207 1139 2248 men-

129 2275 231 2334 tibus
258 2269 450 2352 figuntur’,
477 2275 550 2334 haee
577 2275 686 2333 ultima
709 2276 840 2334 numeris
864 2277 905 2336 sio
929 2277 1139 2353 comprehensa

320 2392 453 2458 Dabrum
475 2400 537 2458 tela
560 2399 591 2456 in
615 2395 775 2474 impiorum
798 2393 948 2459 mtntibus

320 2482 471 2565 Figr'rntnr

131 2603 304 2682 tragoediae
318 2602 483 2662 vindicavit
497 2603 640 2664 Havetus.
667 2621 851 2678 quamquam
864 2603 1042 2662 Athamanti
1056 2602 1139 2664 Aoeii

130 2711 182 2750 eur
206 2691 383 2750 tribuantur
405 2711 458 2750 neo
486 2691 517 2748 in
544 2691 617 2767 ipsis
640 2691 738 2750 verbis
761 2709 853 2750 eausa
875 2692 939 2750 ulla
962 2694 1008 2752 est
1030 2711 1084 2752 nee
1106 2693 1138 2751 in

131 2783 305 2858 argumento
325 2780 445 2839 fabulae
464 2779 555 2858 illius,
577 2799 595 2838 a
614 2799 672 2855 quo
691 2779 825 2839 insaniae
844 2783 1029 2840 momentum
1047 2781 1135 2857 plane

133 2869 261 2928 alienum
284 2869 377 2928 firisse
400 2869 527 2929 videtur.

193 2958 265 3034 Ipsa
284 2976 390 3017 seaena
409 2957 526 3034 tragiea
543 2959 786 3032 repraesentatur
803 2955 835 3014 in
854 2958 1025 3036 anaglypho
1040 2956 1137 3016 Arau-

133 3047 206 3105 sensi
235 3038 374 3127 (Gazette
403 3039 528 3105 arehtol.
554 3045 628 3104 XIII
659 3066 688 3120 p.
711 3047 751 3104 66
780 3045 840 3104 tab.
861 3038 947 3126 XH):
980 3045 1136 3106 altercatio

11 3137 12 3144 ’
132 3134 271 3194 nimirum
301 3135 380 3194 inter
405 3135 563 3194 Herculem
596 3137 627 3194 et
653 3133 792 3212 Martem,
826 3153 954 3210 quonum
985 3134 1055 3194 huie
1087 3135 1137 3193 ad-

134 3224 260 3300 scriptus
284 3230 331 3282 est
353 3223 486 3283 senarius

329 3331 440 3397 Adtsse
463 3338 591 3397 ultorem
614 3331 676 3396 ntti
699 3356 745 3396 me
769 3331 869 3396 oreda's
892 3337 951 3396 mei

130 3425 172 3485 illi
194 3427 324 3487 mutilus
988 3427 990 3433 ‘

330 3562 337 3576 .
362 3561 367 3573 .
392 3563 398 3576 .
421 3515 517 3574 virtus
540 3508 688 3590 nrtsquam
711 3509 817 3572 terreri
839 3515 940 3588 potest
