<?xml version="1.0" encoding="UTF-8"?>
<!DOCTYPE html PUBLIC "-//W3C//DTD XHTML 1.0 Transitional//EN"
    "http://www.w3.org/TR/xhtml1/DTD/xhtml1-transitional.dtd">
<html xmlns="http://www.w3.org/1999/xhtml" xml:lang="en" lang="en">
 <head>
  <title>
</title>
<meta http-equiv="Content-Type" content="text/html;charset=utf-8" />
  <meta name='ocr-system' content='tesseract 3.04.00' />
  <meta name='ocr-capabilities' content='ocr_page ocr_carea ocr_par ocr_line ocrx_word'/>
</head>
<body>
  <div class='ocr_page' id='page_1' title='image "./scaenicaeromano07ribbgoog_0072.png"; bbox 0 0 2666 3914; ppageno 0'>
   <div class='ocr_carea' id='block_1_1' title="bbox 483 154 1168 222">
    <p class='ocr_par' dir='ltr' id='par_1_1' title="bbox 483 154 1168 222">
     <span class='ocr_line' id='line_1_1' title="bbox 483 154 1168 222; baseline 0.003 -12"><span class='ocrx_word' id='word_1_1' title='bbox 483 154 668 211; x_wconf 79' lang='lat' dir='ltr'><strong>CAECILIVS</strong></span> <span class='ocrx_word' id='word_1_2' title='bbox 687 155 838 211; x_wconf 81' lang='lat' dir='ltr'><strong>STATIVS</strong></span> <span class='ocrx_word' id='word_1_3' title='bbox 1123 155 1168 222; x_wconf 82' lang='lat'><strong>55</strong></span> 
     </span>
    </p>
   </div>
   <div class='ocr_carea' id='block_1_2' title="bbox 148 313 1232 894">
    <p class='ocr_par' dir='ltr' id='par_1_2' title="bbox 148 313 1232 894">
     <span class='ocr_line' id='line_1_2' title="bbox 150 313 1168 386; baseline 0.003 -18"><span class='ocrx_word' id='word_1_4' title='bbox 150 315 269 370; x_wconf 83' lang='lat' dir='ltr'><strong>facere</strong></span> <span class='ocrx_word' id='word_1_5' title='bbox 292 313 498 385; x_wconf 80' lang='lat' dir='ltr'><strong>Eutychum’</strong></span> <span class='ocrx_word' id='word_1_6' title='bbox 522 317 692 386; x_wconf 88' lang='lat' dir='ltr'><strong>(eutycum</strong></span> <span class='ocrx_word' id='word_1_7' title='bbox 714 315 823 371; x_wconf 88' lang='grc'><strong>110110.</strong></span> <span class='ocrx_word' id='word_1_8' title='bbox 847 321 914 370; x_wconf 89' lang='lat' dir='ltr'><strong>ml</strong></span> <span class='ocrx_word' id='word_1_9' title='bbox 941 319 1016 372; x_wconf 85' lang='lat' dir='ltr'><strong>recte</strong></span> <span class='ocrx_word' id='word_1_10' title='bbox 1044 317 1168 386; x_wconf 86' lang='lat' dir='ltr'><strong>euthy-</strong></span> 
     </span>
     <span class='ocr_line' id='line_1_3' title="bbox 149 383 1169 454; baseline 0.003 -14"><span class='ocrx_word' id='word_1_11' title='bbox 149 404 225 441; x_wconf 90' lang='lat' dir='ltr'><strong>cum</strong></span> <span class='ocrx_word' id='word_1_12' title='bbox 242 386 353 440; x_wconf 89' lang='lat' dir='ltr'><strong>Veneta</strong></span> <span class='ocrx_word' id='word_1_13' title='bbox 379 385 555 441; x_wconf 89' lang='lat' dir='ltr'><strong>euthicum</strong></span> <span class='ocrx_word' id='word_1_14' title='bbox 573 385 728 454; x_wconf 88' lang='lat' dir='ltr'><strong>Wolfeub.,</strong></span> <span class='ocrx_word' id='word_1_15' title='bbox 753 389 782 441; x_wconf 93' lang='lat' dir='ltr'><strong>et</strong></span> <span class='ocrx_word' id='word_1_16' title='bbox 805 386 845 441; x_wconf 90' lang='lat' dir='ltr'><strong>sic</strong></span> <span class='ocrx_word' id='word_1_17' title='bbox 867 387 949 442; x_wconf 85' lang='lat' dir='ltr'><strong>infra.</strong></span> <span class='ocrx_word' id='word_1_18' title='bbox 988 383 1169 444; x_wconf 89' lang='lat' dir='ltr'><strong>enthinum</strong></span> 
     </span>
     <span class='ocr_line' id='line_1_4' title="bbox 149 456 1165 541; baseline 0.003 -29"><span class='ocrx_word' id='word_1_19' title='bbox 149 458 233 512; x_wconf 87' lang='lat' dir='ltr'><strong>Laur.</strong></span> <span class='ocrx_word' id='word_1_20' title='bbox 258 463 307 526; x_wconf 81' lang='lat'><strong>52,</strong></span> <span class='ocrx_word' id='word_1_21' title='bbox 332 463 346 510; x_wconf 93' lang='lat'>1</span> <span class='ocrx_word' id='word_1_22' title='bbox 375 456 582 512; x_wconf 79' lang='lat' dir='ltr'><strong>Aeschinum</strong></span> <span class='ocrx_word' id='word_1_23' title='bbox 614 461 643 512; x_wconf 89' lang='lat' dir='ltr'><strong>et</strong></span> <span class='ocrx_word' id='word_1_24' title='bbox 674 457 749 512; x_wconf 85' lang='lat' dir='ltr'><strong>infra</strong></span> <span class='ocrx_word' id='word_1_25' title='bbox 775 457 967 513; x_wconf 80' lang='lat' dir='ltr'><strong>Aeschinus</strong></span> <span class='ocrx_word' id='word_1_26' title='bbox 992 459 1165 541; x_wconf 73' lang='lat' dir='ltr'><strong>Spengelius.</strong></span> 
     </span>
     <span class='ocr_line' id='line_1_5' title="bbox 148 527 1168 604; baseline 0.001 -20"><span class='ocrx_word' id='word_1_27' title='bbox 148 529 237 584; x_wconf 88' lang='lat' dir='ltr'><strong>Deest</strong></span> <span class='ocrx_word' id='word_1_28' title='bbox 254 528 334 582; x_wconf 92' lang='lat' dir='ltr'><strong>locus</strong></span> <span class='ocrx_word' id='word_1_29' title='bbox 352 527 383 581; x_wconf 90' lang='lat' dir='ltr'><strong>in</strong></span> <span class='ocrx_word' id='word_1_30' title='bbox 400 529 515 600; x_wconf 81' lang='lat' dir='ltr'><strong>Lagom.</strong></span> <span class='ocrx_word' id='word_1_31' title='bbox 532 529 576 600; x_wconf 74' lang='grc'><strong>16)</strong></span> <span class='ocrx_word' id='word_1_32' title='bbox 597 528 728 604; x_wconf 79' lang='lat' dir='ltr'><strong>‘filium</strong></span> <span class='ocrx_word' id='word_1_33' title='bbox 745 529 924 598; x_wconf 87' lang='lat' dir='ltr'><strong>rusticum,</strong></span> <span class='ocrx_word' id='word_1_34' title='bbox 948 547 1048 598; x_wconf 89' lang='lat' dir='ltr'><strong>quam</strong></span> <span class='ocrx_word' id='word_1_35' title='bbox 1066 530 1168 586; x_wconf 81' lang='lat' dir='ltr'><strong>illum</strong></span> 
     </span>
     <span class='ocr_line' id='line_1_6' title="bbox 151 599 1166 670; baseline 0.003 -16"><span class='ocrx_word' id='word_1_36' title='bbox 151 599 300 654; x_wconf 88' lang='lat' dir='ltr'><strong>alterum</strong></span> <span class='ocrx_word' id='word_1_37' title='bbox 322 599 622 670; x_wconf 80' lang='lat' dir='ltr'><strong>Chaerestratum?</strong></span> <span class='ocrx_word' id='word_1_38' title='bbox 644 617 720 654; x_wconf 90' lang='lat' dir='ltr'><strong>nam</strong></span> <span class='ocrx_word' id='word_1_39' title='bbox 743 604 780 654; x_wconf 88' lang='lat' dir='ltr'><strong>ut</strong></span> <span class='ocrx_word' id='word_1_40' title='bbox 804 599 925 670; x_wconf 88' lang='lat' dir='ltr'><strong>opinor</strong></span> <span class='ocrx_word' id='word_1_41' title='bbox 947 601 1009 656; x_wconf 90' lang='lat' dir='ltr'><strong>hoc</strong></span> <span class='ocrx_word' id='word_1_42' title='bbox 1030 602 1166 658; x_wconf 86' lang='lat' dir='ltr'><strong>nominc</strong></span> 
     </span>
     <span class='ocr_line' id='line_1_7' title="bbox 150 671 1165 744; baseline 0.004 -19"><span class='ocrx_word' id='word_1_43' title='bbox 150 674 212 726; x_wconf 88' lang='lat' dir='ltr'><strong>est.</strong></span> <span class='ocrx_word' id='word_1_44' title='bbox 250 671 398 737; x_wconf 87' lang='lat' dir='ltr'><strong>alterum</strong></span> <span class='ocrx_word' id='word_1_45' title='bbox 424 671 459 725; x_wconf 91' lang='lat' dir='ltr'><strong>in</strong></span> <span class='ocrx_word' id='word_1_46' title='bbox 481 671 564 726; x_wconf 90' lang='lat' dir='ltr'><strong>urbe</strong></span> <span class='ocrx_word' id='word_1_47' title='bbox 588 688 699 726; x_wconf 87' lang='lat' dir='ltr'><strong>secum</strong></span> <span class='ocrx_word' id='word_1_48' title='bbox 721 671 862 727; x_wconf 90' lang='lat' dir='ltr'><strong>honoris</strong></span> <span class='ocrx_word' id='word_1_49' title='bbox 892 689 997 728; x_wconf 87' lang='lat' dir='ltr'><strong>causa</strong></span> <span class='ocrx_word' id='word_1_50' title='bbox 1024 673 1165 744; x_wconf 90' lang='lat' dir='ltr'><strong>habere,</strong></span> 
     </span>
     <span class='ocr_line' id='line_1_8' title="bbox 151 741 1166 814; baseline 0.004 -18"><span class='ocrx_word' id='word_1_51' title='bbox 151 741 299 797; x_wconf 88' lang='lat' dir='ltr'><strong>alterum</strong></span> <span class='ocrx_word' id='word_1_52' title='bbox 320 759 376 796; x_wconf 87' lang='lat' dir='ltr'><strong>rus</strong></span> <span class='ocrx_word' id='word_1_53' title='bbox 401 742 568 812; x_wconf 88' lang='lat' dir='ltr'><strong>supplicii</strong></span> <span class='ocrx_word' id='word_1_54' title='bbox 586 760 690 798; x_wconf 85' lang='lat' dir='ltr'><strong>causa</strong></span> <span class='ocrx_word' id='word_1_55' title='bbox 707 743 908 814; x_wconf 82' lang='lat' dir='ltr'><strong>relegasse?</strong></span> <span class='ocrx_word' id='word_1_56' title='bbox 980 760 1062 798; x_wconf 90' lang='lat' dir='ltr'><strong>nemo</strong></span> <span class='ocrx_word' id='word_1_57' title='bbox 1082 745 1166 802; x_wconf 90' lang='lat' dir='ltr'><strong>uobis</strong></span> 
     </span>
     <span class='ocr_line' id='line_1_9' title="bbox 148 813 1232 894; baseline 0.003 -27"><span class='ocrx_word' id='word_1_58' title='bbox 148 813 347 894; x_wconf 76' lang='lat' dir='ltr'><strong>magisnotus</strong></span> <span class='ocrx_word' id='word_1_59' title='bbox 370 813 481 868; x_wconf 82' lang='lat' dir='ltr'><strong>iuturus</strong></span> <span class='ocrx_word' id='word_1_60' title='bbox 505 813 543 868; x_wconf 91' lang='lat' dir='ltr'><strong>sit</strong></span> <span class='ocrx_word' id='word_1_61' title='bbox 565 831 651 882; x_wconf 87' lang='lat' dir='ltr'><strong>quam</strong></span> <span class='ocrx_word' id='word_1_62' title='bbox 673 817 717 868; x_wconf 88' lang='lat' dir='ltr'><strong>cst</strong></span> <span class='ocrx_word' id='word_1_63' title='bbox 739 814 785 868; x_wconf 89' lang='lat' dir='ltr'><strong>hio</strong></span> <span class='ocrx_word' id='word_1_64' title='bbox 803 815 961 884; x_wconf 83' lang='lat' dir='ltr'><strong>Eutychus,</strong></span> <span class='ocrx_word' id='word_1_65' title='bbox 986 818 1109 870; x_wconf 80' lang='lat' dir='ltr'><strong>atcerte</strong></span> <span class='ocrx_word' id='word_1_66' title='bbox 1129 816 1166 870; x_wconf 89' lang='lat' dir='ltr'><strong>ad</strong></span> <span class='ocrx_word' id='word_1_67' title='bbox 1228 843 1232 853; x_wconf 93' lang='lat'>·</span> 
     </span>
    </p>
   </div>
   <div class='ocr_carea' id='block_1_3' title="bbox 41 883 1166 955">
    <p class='ocr_par' dir='ltr' id='par_1_3' title="bbox 41 883 1166 955">
     <span class='ocr_line' id='line_1_10' title="bbox 41 883 1166 955; baseline 0.006 -20"><span class='ocrx_word' id='word_1_68' title='bbox 41 927 44 935; x_wconf 79' lang='lat'><strong>.</strong></span> <span class='ocrx_word' id='word_1_69' title='bbox 147 901 209 939; x_wconf 92' lang='lat' dir='ltr'><strong>rem</strong></span> <span class='ocrx_word' id='word_1_70' title='bbox 226 884 300 938; x_wconf 89' lang='lat' dir='ltr'><strong>mhil</strong></span> <span class='ocrx_word' id='word_1_71' title='bbox 318 883 392 938; x_wconf 89' lang='lat' dir='ltr'><strong>inter</strong></span> <span class='ocrx_word' id='word_1_72' title='bbox 411 885 449 939; x_wconf 90' lang='lat' dir='ltr'><strong>sit</strong></span> <span class='ocrx_word' id='word_1_73' title='bbox 466 887 562 940; x_wconf 89' lang='lat' dir='ltr'><strong>utrum</strong></span> <span class='ocrx_word' id='word_1_74' title='bbox 579 885 652 939; x_wconf 92' lang='lat' dir='ltr'><strong>hunc</strong></span> <span class='ocrx_word' id='word_1_75' title='bbox 672 902 724 955; x_wconf 81' lang='lat' dir='ltr'><strong>ego</strong></span> <span class='ocrx_word' id='word_1_76' title='bbox 744 885 882 940; x_wconf 89' lang='lat' dir='ltr'><strong>comicum</strong></span> <span class='ocrx_word' id='word_1_77' title='bbox 900 885 1110 943; x_wconf 74' lang='lat' dir='ltr'><strong>adulescentem</strong></span> <span class='ocrx_word' id='word_1_78' title='bbox 1128 905 1166 942; x_wconf 89' lang='lat' dir='ltr'><strong>an</strong></span> 
     </span>
    </p>
   </div>
   <div class='ocr_carea' id='block_1_4' title="bbox 138 955 1201 3164">
    <p class='ocr_par' dir='ltr' id='par_1_4' title="bbox 138 955 1201 3164">
     <span class='ocr_line' id='line_1_11' title="bbox 149 955 1165 1026; baseline 0.005 -17"><span class='ocrx_word' id='word_1_79' title='bbox 149 955 275 1024; x_wconf 80' lang='lat' dir='ltr'><strong>aliquem</strong></span> <span class='ocrx_word' id='word_1_80' title='bbox 294 971 329 1009; x_wconf 89' lang='lat' dir='ltr'><strong>ex</strong></span> <span class='ocrx_word' id='word_1_81' title='bbox 347 973 415 1026; x_wconf 77' lang='lat' dir='ltr'><strong>agro</strong></span> <span class='ocrx_word' id='word_1_82' title='bbox 433 956 552 1012; x_wconf 79' lang='lat' dir='ltr'><strong>Veiente</strong></span> <span class='ocrx_word' id='word_1_83' title='bbox 570 957 733 1012; x_wconf 84' lang='lat' dir='ltr'><strong>nominem’</strong></span> <span class='ocrx_word' id='word_1_84' title='bbox 763 956 870 1023; x_wconf 82' lang='lat' dir='ltr'><strong>Quibus</strong></span> <span class='ocrx_word' id='word_1_85' title='bbox 889 957 966 1026; x_wconf 91' lang='lat' dir='ltr'><strong>quod</strong></span> <span class='ocrx_word' id='word_1_86' title='bbox 984 957 1066 1011; x_wconf 89' lang='lat' dir='ltr'><strong>addit</strong></span> <span class='ocrx_word' id='word_1_87' title='bbox 1085 958 1165 1014; x_wconf 92' lang='lat' dir='ltr'><strong>scho-</strong></span> 
     </span>
     <span class='ocr_line' id='line_1_12' title="bbox 147 1025 1166 1098; baseline 0.004 -18"><span class='ocrx_word' id='word_1_88' title='bbox 147 1027 235 1082; x_wconf 86' lang='lat' dir='ltr'><strong>liasta</strong></span> <span class='ocrx_word' id='word_1_89' title='bbox 244 1025 440 1082; x_wconf 83' lang='lat' dir='ltr'><strong>Gronovianus</strong></span> <span class='ocrx_word' id='word_1_90' title='bbox 452 1046 481 1098; x_wconf 87' lang='lat' dir='ltr'><strong>p.</strong></span> <span class='ocrx_word' id='word_1_91' title='bbox 491 1033 543 1082; x_wconf 79' lang='lat'><strong>429</strong></span> <span class='ocrx_word' id='word_1_92' title='bbox 554 1027 598 1082; x_wconf 89' lang='lat' dir='ltr'><strong>Or.</strong></span> <span class='ocrx_word' id='word_1_93' title='bbox 616 1028 703 1098; x_wconf 80' lang='lat' dir='ltr'><strong>‘apud</strong></span> <span class='ocrx_word' id='word_1_94' title='bbox 713 1027 866 1084; x_wconf 83' lang='lat' dir='ltr'><strong>Caecilium</strong></span> <span class='ocrx_word' id='word_1_95' title='bbox 879 1027 1077 1098; x_wconf 79' lang='lat' dir='ltr'><strong>comoediogra</strong></span> <span class='ocrx_word' id='word_1_96' title='bbox 1097 1029 1166 1084; x_wconf 89' lang='lat' dir='ltr'><strong>bum</strong></span> 
     </span>
     <span class='ocr_line' id='line_1_13' title="bbox 147 1047 1163 1180; baseline 0.004 -29"><span class='ocrx_word' id='word_1_97' title='bbox 147 1097 293 1153; x_wconf 82' lang='lat' dir='ltr'><strong>inducitur</strong></span> <span class='ocrx_word' id='word_1_98' title='bbox 318 1101 401 1180; x_wconf 87' lang='lat' dir='ltr'><strong>pater</strong></span> <span class='ocrx_word' id='word_1_99' title='bbox 423 1098 539 1168; x_wconf 89' lang='lat' dir='ltr'><strong>quidam</strong></span> <span class='ocrx_word' id='word_1_100' title='bbox 561 1098 610 1168; x_wconf 90' lang='lat' dir='ltr'><strong>qui</strong></span> <span class='ocrx_word' id='word_1_101' title='bbox 632 1099 760 1154; x_wconf 86' lang='lat' dir='ltr'><strong>habebat</strong></span> <span class='ocrx_word' id='word_1_102' title='bbox 783 1100 853 1154; x_wconf 90' lang='lat' dir='ltr'><strong>duos</strong></span> <span class='ocrx_word' id='word_1_103' title='bbox 876 1099 961 1168; x_wconf 83' lang='lat' dir='ltr'><strong>filios,</strong></span> <span class='ocrx_word' id='word_1_104' title='bbox 991 1103 1024 1154; x_wconf 90' lang='lat' dir='ltr'><strong>et</strong></span> <span class='ocrx_word' id='word_1_105' title='bbox 1051 1047 1163 1170; x_wconf 70' lang='lat' dir='ltr'><strong>ilium,</strong></span> 
     </span>
     <span class='ocr_line' id='line_1_14' title="bbox 148 1169 1163 1242; baseline 0.003 -19"><span class='ocrx_word' id='word_1_106' title='bbox 148 1186 246 1238; x_wconf 89' lang='lat' dir='ltr'><strong>quem</strong></span> <span class='ocrx_word' id='word_1_107' title='bbox 269 1169 348 1224; x_wconf 80' lang='lat' dir='ltr'><strong>odio</strong></span> <span class='ocrx_word' id='word_1_108' title='bbox 370 1170 533 1239; x_wconf 90' lang='lat' dir='ltr'><strong>habebat,</strong></span> <span class='ocrx_word' id='word_1_109' title='bbox 562 1187 674 1225; x_wconf 89' lang='lat' dir='ltr'><strong>secum</strong></span> <span class='ocrx_word' id='word_1_110' title='bbox 697 1171 861 1238; x_wconf 90' lang='lat' dir='ltr'><strong>habebat,</strong></span> <span class='ocrx_word' id='word_1_111' title='bbox 890 1187 987 1240; x_wconf 90' lang='lat' dir='ltr'><strong>quem</strong></span> <span class='ocrx_word' id='word_1_112' title='bbox 1010 1171 1163 1242; x_wconf 87' lang='lat' dir='ltr'><strong>amabat,</strong></span> 
     </span>
     <span class='ocr_line' id='line_1_15' title="bbox 146 1239 1164 1314; baseline 0.005 -21"><span class='ocrx_word' id='word_1_113' title='bbox 146 1239 221 1294; x_wconf 91' lang='lat' dir='ltr'><strong>ruri</strong></span> <span class='ocrx_word' id='word_1_114' title='bbox 239 1240 345 1295; x_wconf 88' lang='lat' dir='ltr'><strong>dedit.</strong></span> <span class='ocrx_word' id='word_1_115' title='bbox 373 1258 440 1314; x_wconf 82' lang='lat' dir='ltr'><strong>ergo</strong></span> <span class='ocrx_word' id='word_1_116' title='bbox 454 1241 544 1310; x_wconf 89' lang='lat' dir='ltr'><strong>uides,</strong></span> <span class='ocrx_word' id='word_1_117' title='bbox 563 1241 631 1311; x_wconf 88' lang='lat' dir='ltr'><strong>quia</strong></span> <span class='ocrx_word' id='word_1_118' title='bbox 645 1241 754 1296; x_wconf 87' lang='lat' dir='ltr'><strong>amauit</strong></span> <span class='ocrx_word' id='word_1_119' title='bbox 767 1241 900 1297; x_wconf 84' lang='lat' dir='ltr'><strong>Roscium</strong></span> <span class='ocrx_word' id='word_1_120' title='bbox 913 1244 1003 1312; x_wconf 90' lang='lat' dir='ltr'><strong>pater,</strong></span> <span class='ocrx_word' id='word_1_121' title='bbox 1023 1241 1164 1310; x_wconf 88' lang='lat' dir='ltr'><strong>siquidem</strong></span> 
     </span>
     <span class='ocr_line' id='line_1_16' title="bbox 147 1311 1164 1384; baseline 0.004 -20"><span class='ocrx_word' id='word_1_122' title='bbox 147 1311 223 1368; x_wconf 87' lang='lat' dir='ltr'><strong>hunc</strong></span> <span class='ocrx_word' id='word_1_123' title='bbox 242 1311 319 1382; x_wconf 76' lang='lat' dir='ltr'><strong>agris</strong></span> <span class='ocrx_word' id='word_1_124' title='bbox 338 1312 474 1383; x_wconf 86' lang='lat' dir='ltr'><strong>dederat,’</strong></span> <span class='ocrx_word' id='word_1_125' title='bbox 494 1312 524 1367; x_wconf 93' lang='lat' dir='ltr'><strong>id</strong></span> <span class='ocrx_word' id='word_1_126' title='bbox 541 1312 633 1384; x_wconf 79' lang='lat' dir='ltr'><strong>magis</strong></span> <span class='ocrx_word' id='word_1_127' title='bbox 653 1329 686 1367; x_wconf 85' lang='lat' dir='ltr'><strong>ex</strong></span> <span class='ocrx_word' id='word_1_128' title='bbox 704 1312 818 1384; x_wconf 82' lang='lat' dir='ltr'><strong>ingenio</strong></span> <span class='ocrx_word' id='word_1_129' title='bbox 834 1312 1063 1368; x_wconf 76' lang='lat' dir='ltr'><strong>commentatoris</strong></span> <span class='ocrx_word' id='word_1_130' title='bbox 1077 1331 1164 1382; x_wconf 87' lang='lat' dir='ltr'><strong>quarn</strong></span> 
     </span>
     <span class='ocr_line' id='line_1_17' title="bbox 146 1382 1164 1454; baseline 0.002 -17"><span class='ocrx_word' id='word_1_131' title='bbox 146 1399 183 1437; x_wconf 90' lang='lat' dir='ltr'><strong>ex</strong></span> <span class='ocrx_word' id='word_1_132' title='bbox 209 1386 288 1438; x_wconf 88' lang='lat' dir='ltr'><strong>certa</strong></span> <span class='ocrx_word' id='word_1_133' title='bbox 316 1382 436 1454; x_wconf 85' lang='lat' dir='ltr'><strong>scientia</strong></span> <span class='ocrx_word' id='word_1_134' title='bbox 461 1383 720 1440; x_wconf 80' lang='lat' dir='ltr'><strong>fluxissevidetur.</strong></span> <span class='ocrx_word' id='word_1_135' title='bbox 760 1383 966 1438; x_wconf 81' lang='lat' dir='ltr'><strong>‘Menandrum’</strong></span> <span class='ocrx_word' id='word_1_136' title='bbox 996 1401 1064 1439; x_wconf 91' lang='grc'><strong>1111</strong></span> <span class='ocrx_word' id='word_1_137' title='bbox 1092 1384 1164 1440; x_wconf 91' lang='lat' dir='ltr'><strong>dicit</strong></span> 
     </span>
     <span class='ocr_line' id='line_1_18' title="bbox 146 1452 1161 1526; baseline 0.004 -18"><span class='ocrx_word' id='word_1_138' title='bbox 146 1452 340 1520; x_wconf 78' lang='lat' dir='ltr'><strong>Quintilianus</strong></span> <span class='ocrx_word' id='word_1_139' title='bbox 359 1455 372 1508; x_wconf 97' lang='lat' dir='ltr'>I</span> <span class='ocrx_word' id='word_1_140' title='bbox 392 1460 433 1526; x_wconf 88' lang='lat'><strong>10,</strong></span> <span class='ocrx_word' id='word_1_141' title='bbox 454 1461 500 1512; x_wconf 84' lang='lat'><strong>18:</strong></span> <span class='ocrx_word' id='word_1_142' title='bbox 525 1456 569 1510; x_wconf 81' lang='lat' dir='ltr'><strong>‘ct</strong></span> <span class='ocrx_word' id='word_1_143' title='bbox 591 1455 667 1525; x_wconf 89' lang='lat' dir='ltr'><strong>apud</strong></span> <span class='ocrx_word' id='word_1_144' title='bbox 684 1455 870 1510; x_wconf 85' lang='lat' dir='ltr'><strong>Menandrum</strong></span> <span class='ocrx_word' id='word_1_145' title='bbox 888 1454 919 1509; x_wconf 90' lang='lat' dir='ltr'><strong>in</strong></span> <span class='ocrx_word' id='word_1_146' title='bbox 936 1455 1161 1526; x_wconf 78' lang='lat' dir='ltr'><strong>Hypobolimaeo</strong></span> 
     </span>
     <span class='ocr_line' id='line_1_19' title="bbox 145 1525 1163 1598; baseline 0.006 -20"><span class='ocrx_word' id='word_1_147' title='bbox 145 1541 251 1580; x_wconf 85' lang='lat' dir='ltr'><strong>senex</strong></span> <span class='ocrx_word' id='word_1_148' title='bbox 269 1525 467 1595; x_wconf 89' lang='lat' dir='ltr'><strong>reposcenti</strong></span> <span class='ocrx_word' id='word_1_149' title='bbox 485 1525 601 1580; x_wconf 90' lang='lat' dir='ltr'><strong>filium</strong></span> <span class='ocrx_word' id='word_1_150' title='bbox 618 1526 712 1596; x_wconf 86' lang='lat' dir='ltr'><strong>petri</strong></span> <span class='ocrx_word' id='word_1_151' title='bbox 726 1527 824 1582; x_wconf 92' lang='lat' dir='ltr'><strong>uelut</strong></span> <span class='ocrx_word' id='word_1_152' title='bbox 841 1525 1012 1582; x_wconf 89' lang='lat' dir='ltr'><strong>rationem</strong></span> <span class='ocrx_word' id='word_1_153' title='bbox 1030 1527 1163 1598; x_wconf 91' lang='lat' dir='ltr'><strong>impen-</strong></span> 
     </span>
     <span class='ocr_line' id='line_1_20' title="bbox 146 1595 1161 1668; baseline 0.004 -19"><span class='ocrx_word' id='word_1_154' title='bbox 146 1595 293 1666; x_wconf 85' lang='lat' dir='ltr'><strong>diorum,</strong></span> <span class='ocrx_word' id='word_1_155' title='bbox 317 1613 403 1665; x_wconf 88' lang='lat' dir='ltr'><strong>quae</strong></span> <span class='ocrx_word' id='word_1_156' title='bbox 426 1596 461 1651; x_wconf 93' lang='lat' dir='ltr'><strong>in</strong></span> <span class='ocrx_word' id='word_1_157' title='bbox 484 1597 725 1658; x_wconf 85' lang='lat' dir='ltr'><strong>educationem</strong></span> <span class='ocrx_word' id='word_1_158' title='bbox 748 1597 960 1666; x_wconf 84' lang='lat' dir='ltr'><strong>contulerat,</strong></span> <span class='ocrx_word' id='word_1_159' title='bbox 985 1615 1161 1668; x_wconf 90' lang='lat' dir='ltr'><strong>opponens</strong></span> 
     </span>
     <span class='ocr_line' id='line_1_21' title="bbox 144 1667 1160 1738; baseline 0.005 -18"><span class='ocrx_word' id='word_1_160' title='bbox 144 1667 276 1737; x_wconf 85' lang='lat' dir='ltr'><strong>psaltis</strong></span> <span class='ocrx_word' id='word_1_161' title='bbox 294 1685 328 1721; x_wconf 88' lang='lat' dir='ltr'><strong>se</strong></span> <span class='ocrx_word' id='word_1_162' title='bbox 347 1671 381 1722; x_wconf 90' lang='grc'><strong>11</strong></span> <span class='ocrx_word' id='word_1_163' title='bbox 398 1667 584 1738; x_wconf 82' lang='lat' dir='ltr'><strong>geometris</strong></span> <span class='ocrx_word' id='word_1_164' title='bbox 601 1669 709 1724; x_wconf 88' lang='lat' dir='ltr'><strong>multa</strong></span> <span class='ocrx_word' id='word_1_165' title='bbox 728 1669 816 1724; x_wconf 90' lang='lat' dir='ltr'><strong>dicit</strong></span> <span class='ocrx_word' id='word_1_166' title='bbox 834 1668 1000 1738; x_wconf 88' lang='lat' dir='ltr'><strong>dedisse,’</strong></span> <span class='ocrx_word' id='word_1_167' title='bbox 1026 1670 1076 1724; x_wconf 90' lang='lat' dir='ltr'><strong>sed</strong></span> <span class='ocrx_word' id='word_1_168' title='bbox 1093 1669 1160 1725; x_wconf 91' lang='lat' dir='ltr'><strong>iude</strong></span> 
     </span>
     <span class='ocr_line' id='line_1_22' title="bbox 145 1739 1160 1797; baseline 0.004 -4"><span class='ocrx_word' id='word_1_169' title='bbox 145 1755 216 1793; x_wconf 84' lang='lat' dir='ltr'><strong>cave</strong></span> <span class='ocrx_word' id='word_1_170' title='bbox 235 1739 387 1794; x_wconf 90' lang='lat' dir='ltr'><strong>concludas</strong></span> <span class='ocrx_word' id='word_1_171' title='bbox 405 1739 436 1793; x_wconf 92' lang='lat' dir='ltr'><strong>in</strong></span> <span class='ocrx_word' id='word_1_172' title='bbox 454 1739 615 1794; x_wconf 88' lang='lat' dir='ltr'><strong>Caeciliana</strong></span> <span class='ocrx_word' id='word_1_173' title='bbox 632 1739 732 1794; x_wconf 85' lang='lat' dir='ltr'><strong>fabula</strong></span> <span class='ocrx_word' id='word_1_174' title='bbox 751 1757 815 1795; x_wconf 92' lang='lat' dir='ltr'><strong>eum</strong></span> <span class='ocrx_word' id='word_1_175' title='bbox 833 1740 926 1795; x_wconf 88' lang='lat' dir='ltr'><strong>locum</strong></span> <span class='ocrx_word' id='word_1_176' title='bbox 943 1757 1001 1795; x_wconf 93' lang='grc'><strong>101</strong></span> <span class='ocrx_word' id='word_1_177' title='bbox 1019 1739 1160 1797; x_wconf 84' lang='lat' dir='ltr'><strong>extitisse:</strong></span> 
     </span>
     <span class='ocr_line' id='line_1_23' title="bbox 143 1809 1161 1882; baseline 0.004 -19"><span class='ocrx_word' id='word_1_178' title='bbox 143 1826 210 1863; x_wconf 90' lang='lat' dir='ltr'><strong>cum</strong></span> <span class='ocrx_word' id='word_1_179' title='bbox 228 1809 304 1864; x_wconf 88' lang='lat' dir='ltr'><strong>enim</strong></span> <span class='ocrx_word' id='word_1_180' title='bbox 321 1809 352 1864; x_wconf 91' lang='lat' dir='ltr'><strong>iu</strong></span> <span class='ocrx_word' id='word_1_181' title='bbox 370 1826 403 1864; x_wconf 91' lang='grc'><strong>10</strong></span> <span class='ocrx_word' id='word_1_182' title='bbox 422 1810 460 1865; x_wconf 94' lang='lat' dir='ltr'><strong>sit</strong></span> <span class='ocrx_word' id='word_1_183' title='bbox 478 1811 679 1882; x_wconf 78' lang='lat' dir='ltr'><strong>Quintilianus,</strong></span> <span class='ocrx_word' id='word_1_184' title='bbox 698 1814 731 1866; x_wconf 90' lang='lat' dir='ltr'><strong>ut</strong></span> <span class='ocrx_word' id='word_1_185' title='bbox 744 1811 869 1880; x_wconf 90' lang='lat' dir='ltr'><strong>antiquis</strong></span> <span class='ocrx_word' id='word_1_186' title='bbox 884 1811 972 1866; x_wconf 88' lang='lat' dir='ltr'><strong>ctiam</strong></span> <span class='ocrx_word' id='word_1_187' title='bbox 985 1811 1161 1882; x_wconf 89' lang='lat' dir='ltr'><strong>temporibus</strong></span> 
     </span>
     <span class='ocr_line' id='line_1_24' title="bbox 142 1880 1201 1966; baseline 0.001 -33"><span class='ocrx_word' id='word_1_188' title='bbox 142 1880 284 1935; x_wconf 89' lang='lat' dir='ltr'><strong>musicam</strong></span> <span class='ocrx_word' id='word_1_189' title='bbox 301 1881 475 1937; x_wconf 88' lang='lat' dir='ltr'><strong>demonstret</strong></span> <span class='ocrx_word' id='word_1_190' title='bbox 492 1882 614 1938; x_wconf 90' lang='lat' dir='ltr'><strong>maximo</strong></span> <span class='ocrx_word' id='word_1_191' title='bbox 632 1883 663 1936; x_wconf 89' lang='lat' dir='ltr'><strong>in</strong></span> <span class='ocrx_word' id='word_1_192' title='bbox 681 1883 787 1938; x_wconf 90' lang='lat' dir='ltr'><strong>honore</strong></span> <span class='ocrx_word' id='word_1_193' title='bbox 810 1881 908 1952; x_wconf 90' lang='lat' dir='ltr'><strong>fuisse,</strong></span> <span class='ocrx_word' id='word_1_194' title='bbox 932 1885 1019 1937; x_wconf 87' lang='lat' dir='ltr'><strong>testes</strong></span> <span class='ocrx_word' id='word_1_195' title='bbox 1037 1883 1160 1966; x_wconf 86' lang='lat' dir='ltr'><strong>primunr</strong></span> <span class='ocrx_word' id='word_1_196' title='bbox 1200 1927 1201 1934; x_wconf 72' lang='grc'>,</span> 
     </span>
     <span class='ocr_line' id='line_1_25' title="bbox 143 1952 1160 2024; baseline 0.004 -19"><span class='ocrx_word' id='word_1_197' title='bbox 143 1952 247 2006; x_wconf 88' lang='lat' dir='ltr'><strong>laudat</strong></span> <span class='ocrx_word' id='word_1_198' title='bbox 255 1952 376 2007; x_wconf 81' lang='lat' dir='ltr'><strong>Graecos</strong></span> <span class='ocrx_word' id='word_1_199' title='bbox 390 1953 526 2023; x_wconf 91' lang='lat' dir='ltr'><strong>homines,</strong></span> <span class='ocrx_word' id='word_1_200' title='bbox 536 1956 597 2009; x_wconf 89' lang='lat' dir='ltr'><strong>tum</strong></span> <span class='ocrx_word' id='word_1_201' title='bbox 606 1955 719 2009; x_wconf 89' lang='lat' dir='ltr'><strong>demum</strong></span> <span class='ocrx_word' id='word_1_202' title='bbox 733 1955 770 2008; x_wconf 89' lang='lat' dir='ltr'><strong>ad</strong></span> <span class='ocrx_word' id='word_1_203' title='bbox 778 1955 969 2008; x_wconf 86' lang='lat' dir='ltr'><strong>Romanorum</strong></span> <span class='ocrx_word' id='word_1_204' title='bbox 979 1954 1160 2024; x_wconf 87' lang='lat' dir='ltr'><strong>disc1plinam</strong></span> 
     </span>
     <span class='ocr_line' id='line_1_26' title="bbox 143 2022 1158 2095; baseline 0.004 -18"><span class='ocrx_word' id='word_1_205' title='bbox 143 2022 258 2078; x_wconf 87' lang='lat' dir='ltr'><strong>transit.</strong></span> <span class='ocrx_word' id='word_1_206' title='bbox 294 2023 423 2078; x_wconf 78' lang='lat' dir='ltr'><strong>Ceterum</strong></span> <span class='ocrx_word' id='word_1_207' title='bbox 442 2024 476 2079; x_wconf 89' lang='lat' dir='ltr'><strong>de</strong></span> <span class='ocrx_word' id='word_1_208' title='bbox 496 2028 661 2095; x_wconf 78' lang='lat' dir='ltr'><strong>argumento</strong></span> <span class='ocrx_word' id='word_1_209' title='bbox 681 2025 740 2079; x_wconf 90' lang='lat' dir='ltr'><strong>dixi</strong></span> <span class='ocrx_word' id='word_1_210' title='bbox 757 2025 789 2079; x_wconf 91' lang='lat' dir='ltr'><strong>in</strong></span> <span class='ocrx_word' id='word_1_211' title='bbox 807 2025 984 2080; x_wconf 89' lang='lat' dir='ltr'><strong>enarratione</strong></span> <span class='ocrx_word' id='word_1_212' title='bbox 1002 2042 1066 2080; x_wconf 85' lang='lat' dir='ltr'><strong>mea</strong></span> <span class='ocrx_word' id='word_1_213' title='bbox 1084 2043 1158 2095; x_wconf 84' lang='lat' dir='ltr'><strong>quac</strong></span> 
     </span>
     <span class='ocr_line' id='line_1_27' title="bbox 142 2093 1157 2166; baseline 0.003 -17"><span class='ocrx_word' id='word_1_214' title='bbox 142 2097 189 2149; x_wconf 86' lang='lat' dir='ltr'><strong>est</strong></span> <span class='ocrx_word' id='word_1_215' title='bbox 207 2095 242 2148; x_wconf 88' lang='grc'><strong>111</strong></span> <span class='ocrx_word' id='word_1_216' title='bbox 261 2093 381 2164; x_wconf 78' lang='lat' dir='ltr'><strong>Agroeci</strong></span> <span class='ocrx_word' id='word_1_217' title='bbox 398 2111 519 2166; x_wconf 88' lang='lat' dir='ltr'><strong>persona</strong></span> <span class='ocrx_word' id='word_1_218' title='bbox 536 2114 564 2166; x_wconf 90' lang='lat' dir='ltr'><strong>p.</strong></span> <span class='ocrx_word' id='word_1_219' title='bbox 580 2103 614 2152; x_wconf 89' lang='lat'><strong>10</strong></span> <span class='ocrx_word' id='word_1_220' title='bbox 628 2115 668 2165; x_wconf 87' lang='lat' dir='ltr'><strong>sq.</strong></span> <span class='ocrx_word' id='word_1_221' title='bbox 696 2096 951 2166; x_wconf 85' lang='lat' dir='ltr'><strong>Hypobolimaeum</strong></span> <span class='ocrx_word' id='word_1_222' title='bbox 970 2095 1019 2166; x_wconf 89' lang='lat' dir='ltr'><strong>qui</strong></span> <span class='ocrx_word' id='word_1_223' title='bbox 1038 2113 1055 2151; x_wconf 94' lang='grc'><strong>1</strong></span> <span class='ocrx_word' id='word_1_224' title='bbox 1073 2097 1157 2152; x_wconf 77' lang='lat' dir='ltr'><strong>Festo</strong></span> 
     </span>
     <span class='ocr_line' id='line_1_28' title="bbox 142 2164 1158 2238; baseline 0.005 -19"><span class='ocrx_word' id='word_1_225' title='bbox 142 2164 250 2220; x_wconf 89' lang='lat' dir='ltr'><strong>dicitur</strong></span> <span class='ocrx_word' id='word_1_226' title='bbox 268 2164 496 2222; x_wconf 81' lang='lat' dir='ltr'><strong>Chaerestratum</strong></span> <span class='ocrx_word' id='word_1_227' title='bbox 519 2184 582 2222; x_wconf 93' lang='lat' dir='ltr'><strong>cum</strong></span> <span class='ocrx_word' id='word_1_228' title='bbox 607 2167 729 2238; x_wconf 88' lang='lat' dir='ltr'><strong>simplici</strong></span> <span class='ocrx_word' id='word_1_229' title='bbox 756 2167 980 2238; x_wconf 81' lang='lat' dir='ltr'><strong>Hypobolimaeo</strong></span> <span class='ocrx_word' id='word_1_230' title='bbox 1008 2168 1158 2224; x_wconf 82' lang='lat' dir='ltr'><strong>convenire</strong></span> 
     </span>
     <span class='ocr_line' id='line_1_29' title="bbox 142 2236 1159 2321; baseline 0.004 -31"><span class='ocrx_word' id='word_1_231' title='bbox 142 2236 299 2291; x_wconf 82' lang='lat' dir='ltr'><strong>Grauertus</strong></span> <span class='ocrx_word' id='word_1_232' title='bbox 324 2236 406 2292; x_wconf 85' lang='lat' dir='ltr'><strong>Anal.</strong></span> <span class='ocrx_word' id='word_1_233' title='bbox 426 2243 457 2292; x_wconf 82' lang='lat'><strong>81</strong></span> <span class='ocrx_word' id='word_1_234' title='bbox 479 2237 611 2308; x_wconf 91' lang='lat' dir='ltr'><strong>coniecit,</strong></span> <span class='ocrx_word' id='word_1_235' title='bbox 640 2239 717 2308; x_wconf 87' lang='lat' dir='ltr'><strong>quod</strong></span> <span class='ocrx_word' id='word_1_236' title='bbox 742 2238 882 2294; x_wconf 78' lang='lat' dir='ltr'><strong>Ciceronis</strong></span> <span class='ocrx_word' id='word_1_237' title='bbox 909 2255 993 2307; x_wconf 90' lang='lat' dir='ltr'><strong>quem</strong></span> <span class='ocrx_word' id='word_1_238' title='bbox 1021 2239 1159 2321; x_wconf 89' lang='lat' dir='ltr'><strong>descripsi</strong></span> 
     </span>
     <span class='ocr_line' id='line_1_30' title="bbox 140 2307 1157 2380; baseline 0.004 -18"><span class='ocrx_word' id='word_1_239' title='bbox 140 2308 206 2362; x_wconf 88' lang='lat' dir='ltr'><strong>loco</strong></span> <span class='ocrx_word' id='word_1_240' title='bbox 220 2307 408 2364; x_wconf 85' lang='lat' dir='ltr'><strong>confirmatur.</strong></span> <span class='ocrx_word' id='word_1_241' title='bbox 436 2309 508 2364; x_wconf 91' lang='lat' dir='ltr'><strong>Item</strong></span> <span class='ocrx_word' id='word_1_242' title='bbox 521 2326 593 2378; x_wconf 90' lang='lat' dir='ltr'><strong>quae</strong></span> <span class='ocrx_word' id='word_1_243' title='bbox 607 2309 848 2380; x_wconf 86' lang='lat' dir='ltr'><strong>Hypobolimaeae</strong></span> <span class='ocrx_word' id='word_1_244' title='bbox 862 2309 1025 2364; x_wconf 82' lang='lat' dir='ltr'><strong>Rastrariae</strong></span> <span class='ocrx_word' id='word_1_245' title='bbox 1043 2327 1157 2366; x_wconf 87' lang='grc'><strong>101111</strong></span> 
     </span>
     <span class='ocr_line' id='line_1_31' title="bbox 139 2378 1158 2450; baseline 0.002 -17"><span class='ocrx_word' id='word_1_246' title='bbox 139 2379 229 2449; x_wconf 76' lang='lat' dir='ltr'><strong>vulgo</strong></span> <span class='ocrx_word' id='word_1_247' title='bbox 247 2378 387 2447; x_wconf 83' lang='lat' dir='ltr'><strong>feruntur,</strong></span> <span class='ocrx_word' id='word_1_248' title='bbox 414 2381 451 2434; x_wconf 90' lang='lat' dir='ltr'><strong>ad</strong></span> <span class='ocrx_word' id='word_1_249' title='bbox 477 2379 595 2435; x_wconf 87' lang='lat' dir='ltr'><strong>eandem</strong></span> <span class='ocrx_word' id='word_1_250' title='bbox 613 2381 830 2450; x_wconf 87' lang='lat' dir='ltr'><strong>Hypobolimaei</strong></span> <span class='ocrx_word' id='word_1_251' title='bbox 855 2379 914 2436; x_wconf 86' lang='lat' dir='ltr'><strong>sive</strong></span> <span class='ocrx_word' id='word_1_252' title='bbox 938 2381 1158 2450; x_wconf 87' lang='lat' dir='ltr'><strong>Hypobolimaei</strong></span> 
     </span>
     <span class='ocr_line' id='line_1_32' title="bbox 139 2450 1156 2522; baseline 0.002 -16"><span class='ocrx_word' id='word_1_253' title='bbox 139 2450 334 2506; x_wconf 80' lang='lat' dir='ltr'><strong>Chaerestrati</strong></span> <span class='ocrx_word' id='word_1_254' title='bbox 351 2451 480 2505; x_wconf 84' lang='lat' dir='ltr'><strong>fabulam</strong></span> <span class='ocrx_word' id='word_1_255' title='bbox 497 2451 638 2522; x_wconf 87' lang='lat' dir='ltr'><strong>pertinere</strong></span> <span class='ocrx_word' id='word_1_256' title='bbox 656 2451 733 2506; x_wconf 90' lang='lat' dir='ltr'><strong>idem</strong></span> <span class='ocrx_word' id='word_1_257' title='bbox 751 2452 794 2506; x_wconf 83' lang='lat' dir='ltr'><strong>vir</strong></span> <span class='ocrx_word' id='word_1_258' title='bbox 813 2453 912 2506; x_wconf 89' lang='lat' dir='ltr'><strong>doctus</strong></span> <span class='ocrx_word' id='word_1_259' title='bbox 931 2452 1041 2506; x_wconf 89' lang='lat' dir='ltr'><strong>statuit.</strong></span> <span class='ocrx_word' id='word_1_260' title='bbox 1075 2452 1156 2508; x_wconf 75' lang='lat' dir='ltr'><strong>Certe</strong></span> 
     </span>
     <span class='ocr_line' id='line_1_33' title="bbox 139 2521 1156 2595; baseline 0.004 -20"><span class='ocrx_word' id='word_1_261' title='bbox 139 2521 268 2590; x_wconf 90' lang='lat' dir='ltr'><strong>quodam</strong></span> <span class='ocrx_word' id='word_1_262' title='bbox 289 2521 373 2576; x_wconf 92' lang='lat' dir='ltr'><strong>modo</strong></span> <span class='ocrx_word' id='word_1_263' title='bbox 397 2522 567 2577; x_wconf 86' lang='lat' dir='ltr'><strong>conveniunt</strong></span> <span class='ocrx_word' id='word_1_264' title='bbox 589 2523 664 2577; x_wconf 86' lang='lat' dir='ltr'><strong>inter</strong></span> <span class='ocrx_word' id='word_1_265' title='bbox 691 2539 720 2578; x_wconf 88' lang='grc'><strong>11</strong></span> <span class='ocrx_word' id='word_1_266' title='bbox 742 2523 814 2594; x_wconf 92' lang='lat' dir='ltr'><strong>Hyp.</strong></span> <span class='ocrx_word' id='word_1_267' title='bbox 834 2524 847 2577; x_wconf 95' lang='grc' dir='ltr'>Ι</span> <span class='ocrx_word' id='word_1_268' title='bbox 875 2525 904 2578; x_wconf 93' lang='lat' dir='ltr'><strong>et</strong></span> <span class='ocrx_word' id='word_1_269' title='bbox 931 2522 1003 2592; x_wconf 92' lang='lat' dir='ltr'><strong>Hyp.</strong></span> <span class='ocrx_word' id='word_1_270' title='bbox 1023 2523 1116 2578; x_wconf 84' lang='lat' dir='ltr'><strong>Rastr.</strong></span> <span class='ocrx_word' id='word_1_271' title='bbox 1135 2524 1156 2595; x_wconf 94' lang='lat' dir='ltr'><strong>I,</strong></span> 
     </span>
     <span class='ocr_line' id='line_1_34' title="bbox 139 2592 1157 2664; baseline 0.004 -18"><span class='ocrx_word' id='word_1_272' title='bbox 139 2593 214 2662; x_wconf 92' lang='lat' dir='ltr'><strong>Hyp.</strong></span> <span class='ocrx_word' id='word_1_273' title='bbox 234 2592 261 2647; x_wconf 88' lang='lat' dir='ltr'><strong>V</strong></span> <span class='ocrx_word' id='word_1_274' title='bbox 279 2595 308 2646; x_wconf 91' lang='grc'><strong>11</strong></span> <span class='ocrx_word' id='word_1_275' title='bbox 330 2593 402 2663; x_wconf 86' lang='lat' dir='ltr'><strong>Hyp.</strong></span> <span class='ocrx_word' id='word_1_276' title='bbox 422 2594 515 2649; x_wconf 84' lang='lat' dir='ltr'><strong>Rastr.</strong></span> <span class='ocrx_word' id='word_1_277' title='bbox 533 2594 572 2664; x_wconf 89' lang='lat' dir='ltr'><strong>H,</strong></span> <span class='ocrx_word' id='word_1_278' title='bbox 595 2595 667 2664; x_wconf 89' lang='lat' dir='ltr'><strong>Hyp.</strong></span> <span class='ocrx_word' id='word_1_279' title='bbox 686 2595 726 2649; x_wconf 90' lang='lat' dir='ltr'><strong>IV</strong></span> <span class='ocrx_word' id='word_1_280' title='bbox 744 2598 773 2650; x_wconf 92' lang='grc'><strong>11</strong></span> <span class='ocrx_word' id='word_1_281' title='bbox 791 2595 863 2664; x_wconf 88' lang='lat' dir='ltr'><strong>Hyp.</strong></span> <span class='ocrx_word' id='word_1_282' title='bbox 882 2595 974 2648; x_wconf 83' lang='grc'><strong>11111.</strong></span> <span class='ocrx_word' id='word_1_283' title='bbox 994 2593 1033 2648; x_wconf 92' lang='lat' dir='ltr'><strong>IV</strong></span> <span class='ocrx_word' id='word_1_284' title='bbox 1051 2594 1086 2664; x_wconf 91' lang='lat' dir='ltr'><strong>V,</strong></span> <span class='ocrx_word' id='word_1_285' title='bbox 1104 2612 1157 2651; x_wconf 88' lang='lat' dir='ltr'><strong>nec</strong></span> 
     </span>
     <span class='ocr_line' id='line_1_35' title="bbox 140 2663 1156 2736; baseline 0.004 -18"><span class='ocrx_word' id='word_1_286' title='bbox 140 2663 309 2718; x_wconf 86' lang='lat' dir='ltr'><strong>adversatur</strong></span> <span class='ocrx_word' id='word_1_287' title='bbox 325 2663 462 2720; x_wconf 89' lang='lat' dir='ltr'><strong>librorum</strong></span> <span class='ocrx_word' id='word_1_288' title='bbox 479 2664 640 2720; x_wconf 85' lang='lat' dir='ltr'><strong>auotoritas.</strong></span> <span class='ocrx_word' id='word_1_289' title='bbox 667 2665 767 2736; x_wconf 88' lang='lat' dir='ltr'><strong>Itaque</strong></span> <span class='ocrx_word' id='word_1_290' title='bbox 781 2668 838 2720; x_wconf 90' lang='lat' dir='ltr'><strong>tres</strong></span> <span class='ocrx_word' id='word_1_291' title='bbox 853 2664 979 2720; x_wconf 90' lang='lat' dir='ltr'><strong>eiusdem</strong></span> <span class='ocrx_word' id='word_1_292' title='bbox 993 2666 1156 2722; x_wconf 88' lang='lat' dir='ltr'><strong>comoediae</strong></span> 
     </span>
     <span class='ocr_line' id='line_1_36' title="bbox 139 2735 1156 2806; baseline 0.003 -16"><span class='ocrx_word' id='word_1_293' title='bbox 139 2735 243 2790; x_wconf 88' lang='lat' dir='ltr'><strong>titulos</strong></span> <span class='ocrx_word' id='word_1_294' title='bbox 257 2735 407 2792; x_wconf 88' lang='lat' dir='ltr'><strong>habemus:</strong></span> <span class='ocrx_word' id='word_1_295' title='bbox 425 2735 744 2806; x_wconf 89' lang='lat' dir='ltr'><strong>Hypobolimaeum,</strong></span> <span class='ocrx_word' id='word_1_296' title='bbox 764 2753 848 2806; x_wconf 89' lang='lat' dir='ltr'><strong>quem</strong></span> <span class='ocrx_word' id='word_1_297' title='bbox 864 2735 1067 2792; x_wconf 73' lang='lat' dir='ltr'><strong>‘subditiuum’</strong></span> <span class='ocrx_word' id='word_1_298' title='bbox 1083 2755 1156 2794; x_wconf 91' lang='lat' dir='ltr'><strong>nun-</strong></span> 
     </span>
     <span class='ocr_line' id='line_1_37' title="bbox 138 2805 1157 2879; baseline 0.003 -19"><span class='ocrx_word' id='word_1_299' title='bbox 138 2809 228 2876; x_wconf 89' lang='lat' dir='ltr'><strong>cupat</strong></span> <span class='ocrx_word' id='word_1_300' title='bbox 255 2805 363 2860; x_wconf 80' lang='lat' dir='ltr'><strong>Gellius</strong></span> <span class='ocrx_word' id='word_1_301' title='bbox 390 2805 422 2862; x_wconf 86' lang='lat' dir='ltr'><strong>fr.</strong></span> <span class='ocrx_word' id='word_1_302' title='bbox 442 2807 468 2862; x_wconf 95' lang='lat' dir='ltr'><strong>V</strong></span> <span class='ocrx_word' id='word_1_303' title='bbox 491 2809 520 2862; x_wconf 88' lang='grc'><strong>11</strong></span> <span class='ocrx_word' id='word_1_304' title='bbox 549 2808 635 2863; x_wconf 90' lang='lat' dir='ltr'><strong>semel</strong></span> <span class='ocrx_word' id='word_1_305' title='bbox 665 2808 708 2879; x_wconf 84' lang='lat' dir='ltr'><strong>(fr.</strong></span> <span class='ocrx_word' id='word_1_306' title='bbox 727 2808 776 2879; x_wconf 84' lang='lat' dir='ltr'><strong>IV)</strong></span> <span class='ocrx_word' id='word_1_307' title='bbox 808 2807 917 2863; x_wconf 86' lang='lat' dir='ltr'><strong>Nouius</strong></span> <span class='ocrx_word' id='word_1_308' title='bbox 963 2807 1157 2878; x_wconf 90' lang='lat' dir='ltr'><strong>Hypoboli-</strong></span> 
     </span>
     <span class='ocr_line' id='line_1_38' title="bbox 139 2851 1157 2951; baseline 0.004 -19"><span class='ocrx_word' id='word_1_309' title='bbox 139 2876 628 2948; x_wconf 62' lang='grc' dir='ltr'><strong>11111111(111111111111111,Η)1</strong></span> <span class='ocrx_word' id='word_1_310' title='bbox 657 2851 1157 2951; x_wconf 80' lang='lat' dir='ltr'><strong>obolimaeum&lt;Hypobolimaeam</strong></span> 
     </span>
     <span class='ocr_line' id='line_1_39' title="bbox 139 2897 1157 3021; baseline 0.003 -18"><span class='ocrx_word' id='word_1_311' title='bbox 139 2947 229 3003; x_wconf 88' lang='lat' dir='ltr'><strong>semel</strong></span> <span class='ocrx_word' id='word_1_312' title='bbox 255 2947 289 3002; x_wconf 84' lang='lat' dir='ltr'><strong>fr.</strong></span> <span class='ocrx_word' id='word_1_313' title='bbox 303 2948 343 3003; x_wconf 93' lang='lat' dir='ltr'><strong>VI</strong></span> <span class='ocrx_word' id='word_1_314' title='bbox 367 2949 413 3004; x_wconf 81' lang='lat' dir='ltr'><strong>vel</strong></span> <span class='ocrx_word' id='word_1_315' title='bbox 437 2948 482 3004; x_wconf 89' lang='lat' dir='ltr'><strong>bis</strong></span> <span class='ocrx_word' id='word_1_316' title='bbox 509 2981 541 2991; x_wconf 92' lang='lat'><em>-</em></span> <span class='ocrx_word' id='word_1_317' title='bbox 568 2897 695 3005; x_wconf 39' lang='grc'><strong>1111)-</strong></span> <span class='ocrx_word' id='word_1_318' title='bbox 712 2950 800 3005; x_wconf 87' lang='lat' dir='ltr'><strong>Nonii</strong></span> <span class='ocrx_word' id='word_1_319' title='bbox 824 2950 891 3004; x_wconf 89' lang='lat' dir='ltr'><strong>libri</strong></span> <span class='ocrx_word' id='word_1_320' title='bbox 916 2951 1157 3021; x_wconf 66' lang='grc'><strong>111111111111-</strong></span> 
     </span>
     <span class='ocr_line' id='line_1_40' title="bbox 139 3018 1156 3103; baseline 0.003 -29"><span class='ocrx_word' id='word_1_321' title='bbox 139 3018 312 3076; x_wconf 84' lang='lat' dir='ltr'><strong>strariam</strong></span> <span class='ocrx_word' id='word_1_322' title='bbox 339 3020 487 3075; x_wconf 86' lang='lat' dir='ltr'><strong>Rastraria</strong></span> <span class='ocrx_word' id='word_1_323' title='bbox 501 3024 597 3076; x_wconf 87' lang='lat' dir='ltr'><strong>autem</strong></span> <span class='ocrx_word' id='word_1_324' title='bbox 609 3020 732 3076; x_wconf 88' lang='lat' dir='ltr'><strong>indicem</strong></span> <span class='ocrx_word' id='word_1_325' title='bbox 745 3025 840 3077; x_wconf 84' lang='lat' dir='ltr'><strong>utrum</strong></span> <span class='ocrx_word' id='word_1_326' title='bbox 853 3024 939 3103; x_wconf 89' lang='lat' dir='ltr'><strong>poeta</strong></span> <span class='ocrx_word' id='word_1_327' title='bbox 956 3021 1017 3091; x_wconf 88' lang='lat' dir='ltr'><strong>ipse</strong></span> <span class='ocrx_word' id='word_1_328' title='bbox 1036 3022 1156 3093; x_wconf 77' lang='lat' dir='ltr'><strong>dederit,</strong></span> 
     </span>
     <span class='ocr_line' id='line_1_41' title="bbox 138 3090 1156 3164; baseline 0.005 -19"><span class='ocrx_word' id='word_1_329' title='bbox 138 3091 217 3160; x_wconf 89' lang='lat' dir='ltr'><strong>quod</strong></span> <span class='ocrx_word' id='word_1_330' title='bbox 240 3090 394 3146; x_wconf 79' lang='lat' dir='ltr'><strong>Grauertus</strong></span> <span class='ocrx_word' id='word_1_331' title='bbox 416 3091 519 3162; x_wconf 84' lang='lat' dir='ltr'><strong>voluit,</strong></span> <span class='ocrx_word' id='word_1_332' title='bbox 544 3109 581 3146; x_wconf 88' lang='lat' dir='ltr'><strong>an</strong></span> <span class='ocrx_word' id='word_1_333' title='bbox 603 3093 783 3164; x_wconf 82' lang='lat' dir='ltr'><strong>grammatici</strong></span> <span class='ocrx_word' id='word_1_334' title='bbox 804 3096 899 3163; x_wconf 91' lang='lat' dir='ltr'><strong>pot1us</strong></span> <span class='ocrx_word' id='word_1_335' title='bbox 923 3092 1156 3164; x_wconf 82' lang='lat' dir='ltr'><strong>excogitaverint,</strong></span> 
     </span>
    </p>
   </div>
   <div class='ocr_carea' id='block_1_5' title="bbox 136 3159 1181 3589">
    <p class='ocr_par' dir='ltr' id='par_1_5' title="bbox 136 3159 1181 3589">
     <span class='ocr_line' id='line_1_42' title="bbox 137 3159 1156 3236; baseline 0.004 -20"><span class='ocrx_word' id='word_1_336' title='bbox 137 3164 172 3216; x_wconf 93' lang='lat' dir='ltr'><strong>ut</strong></span> <span class='ocrx_word' id='word_1_337' title='bbox 191 3161 316 3216; x_wconf 85' lang='lat' dir='ltr'><strong>affirmat</strong></span> <span class='ocrx_word' id='word_1_338' title='bbox 333 3159 504 3217; x_wconf 84' lang='lat' dir='ltr'><strong>Ritsohelius</strong></span> <span class='ocrx_word' id='word_1_339' title='bbox 522 3164 634 3234; x_wconf 84' lang='lat' dir='ltr'><strong>Parerg.</strong></span> <span class='ocrx_word' id='word_1_340' title='bbox 652 3163 666 3218; x_wconf 95' lang='lat' dir='ltr'>I</span> <span class='ocrx_word' id='word_1_341' title='bbox 683 3183 710 3234; x_wconf 93' lang='lat' dir='ltr'><strong>p.</strong></span> <span class='ocrx_word' id='word_1_342' title='bbox 729 3163 789 3234; x_wconf 88' lang='lat' dir='ltr'><strong>XV,</strong></span> <span class='ocrx_word' id='word_1_343' title='bbox 813 3167 875 3219; x_wconf 90' lang='lat' dir='ltr'><strong>tum</strong></span> <span class='ocrx_word' id='word_1_344' title='bbox 900 3163 1012 3218; x_wconf 91' lang='lat' dir='ltr'><strong>demum</strong></span> <span class='ocrx_word' id='word_1_345' title='bbox 1033 3165 1156 3236; x_wconf 89' lang='lat' dir='ltr'><strong>perspici</strong></span> 
     </span>
     <span class='ocr_line' id='line_1_43' title="bbox 137 3232 1155 3306; baseline 0.004 -18"><span class='ocrx_word' id='word_1_346' title='bbox 137 3235 247 3304; x_wconf 86' lang='lat' dir='ltr'><strong>posset,</strong></span> <span class='ocrx_word' id='word_1_347' title='bbox 271 3232 303 3286; x_wconf 92' lang='lat' dir='ltr'><strong>ni</strong></span> <span class='ocrx_word' id='word_1_348' title='bbox 325 3233 422 3304; x_wconf 85' lang='lat' dir='ltr'><strong>fallor,</strong></span> <span class='ocrx_word' id='word_1_349' title='bbox 446 3233 471 3288; x_wconf 88' lang='lat' dir='ltr'><strong>si</strong></span> <span class='ocrx_word' id='word_1_350' title='bbox 494 3235 529 3288; x_wconf 92' lang='lat' dir='ltr'><strong>de</strong></span> <span class='ocrx_word' id='word_1_351' title='bbox 553 3239 718 3306; x_wconf 82' lang='lat' dir='ltr'><strong>argumento</strong></span> <span class='ocrx_word' id='word_1_352' title='bbox 740 3235 804 3306; x_wconf 90' lang='lat' dir='ltr'><strong>plus</strong></span> <span class='ocrx_word' id='word_1_353' title='bbox 828 3236 978 3290; x_wconf 90' lang='lat' dir='ltr'><strong>constaret.</strong></span> <span class='ocrx_word' id='word_1_354' title='bbox 1016 3235 1061 3290; x_wconf 89' lang='lat' dir='ltr'><strong>Ita</strong></span> <span class='ocrx_word' id='word_1_355' title='bbox 1079 3237 1155 3292; x_wconf 91' lang='lat' dir='ltr'><strong>euim</strong></span> 
     </span>
     <span class='ocr_line' id='line_1_44' title="bbox 138 3305 1156 3386; baseline 0.004 -27"><span class='ocrx_word' id='word_1_356' title='bbox 138 3307 298 3386; x_wconf 86' lang='lat' dir='ltr'><strong>appareret,</strong></span> <span class='ocrx_word' id='word_1_357' title='bbox 316 3322 385 3358; x_wconf 90' lang='lat' dir='ltr'><strong>num</strong></span> <span class='ocrx_word' id='word_1_358' title='bbox 403 3321 476 3386; x_wconf 77' lang='lat' dir='ltr'><strong>quae</strong></span> <span class='ocrx_word' id='word_1_359' title='bbox 493 3307 584 3361; x_wconf 90' lang='lat' dir='ltr'><strong>rastro</strong></span> <span class='ocrx_word' id='word_1_360' title='bbox 602 3306 647 3360; x_wconf 91' lang='lat' dir='ltr'><strong>illi</strong></span> <span class='ocrx_word' id='word_1_361' title='bbox 662 3306 693 3360; x_wconf 89' lang='lat' dir='ltr'><strong>in</strong></span> <span class='ocrx_word' id='word_1_362' title='bbox 710 3323 803 3361; x_wconf 90' lang='lat' dir='ltr'><strong>rerum</strong></span> <span class='ocrx_word' id='word_1_363' title='bbox 817 3305 943 3360; x_wconf 89' lang='lat' dir='ltr'><strong>ordinem</strong></span> <span class='ocrx_word' id='word_1_364' title='bbox 957 3306 1156 3376; x_wconf 90' lang='lat' dir='ltr'><strong>explicandum</strong></span> 
     </span>
     <span class='ocr_line' id='line_1_45' title="bbox 136 3375 1155 3448; baseline 0.004 -17"><span class='ocrx_word' id='word_1_365' title='bbox 136 3393 181 3431; x_wconf 83' lang='grc'><strong>111</strong></span> <span class='ocrx_word' id='word_1_366' title='bbox 207 3375 319 3431; x_wconf 82' lang='lat' dir='ltr'><strong>tributa</strong></span> <span class='ocrx_word' id='word_1_367' title='bbox 345 3375 432 3430; x_wconf 76' lang='lat' dir='ltr'><strong>faciut</strong></span> <span class='ocrx_word' id='word_1_368' title='bbox 458 3393 554 3433; x_wconf 88' lang='lat' dir='ltr'><strong>necne.</strong></span> <span class='ocrx_word' id='word_1_369' title='bbox 592 3377 722 3433; x_wconf 79' lang='lat' dir='ltr'><strong>Ceterum</strong></span> <span class='ocrx_word' id='word_1_370' title='bbox 748 3376 871 3448; x_wconf 86' lang='lat' dir='ltr'><strong>repetita</strong></span> <span class='ocrx_word' id='word_1_371' title='bbox 898 3376 1014 3432; x_wconf 86' lang='lat' dir='ltr'><strong>fabulae</strong></span> <span class='ocrx_word' id='word_1_372' title='bbox 1043 3378 1155 3436; x_wconf 89' lang='lat' dir='ltr'><strong>actione</strong></span> 
     </span>
     <span class='ocr_line' id='line_1_46' title="bbox 136 3445 1181 3518; baseline 0.001 -15"><span class='ocrx_word' id='word_1_373' title='bbox 136 3449 234 3517; x_wconf 88' lang='lat' dir='ltr'><strong>potest</strong></span> <span class='ocrx_word' id='word_1_374' title='bbox 250 3445 354 3501; x_wconf 85' lang='lat' dir='ltr'><strong>titulus</strong></span> <span class='ocrx_word' id='word_1_375' title='bbox 371 3450 498 3504; x_wconf 87' lang='lat' dir='ltr'><strong>mutatus</strong></span> <span class='ocrx_word' id='word_1_376' title='bbox 517 3448 612 3503; x_wconf 77' lang='grc'><strong>1111111.</strong></span> <span class='ocrx_word' id='word_1_377' title='bbox 632 3481 667 3490; x_wconf 90' lang='lat'>-</span> <span class='ocrx_word' id='word_1_378' title='bbox 685 3447 992 3518; x_wconf 86' lang='lat' dir='ltr'><strong>Hypobolimaeum</strong></span> <span class='ocrx_word' id='word_1_379' title='bbox 1011 3450 1155 3504; x_wconf 83' lang='lat' dir='ltr'><strong>Aeschi-</strong></span> <span class='ocrx_word' id='word_1_380' title='bbox 1180 3491 1181 3496; x_wconf 50' lang='lat'><strong>.</strong></span> 
     </span>
     <span class='ocr_line' id='line_1_47' title="bbox 136 3517 1154 3589; baseline 0.002 -16"><span class='ocrx_word' id='word_1_381' title='bbox 136 3536 214 3573; x_wconf 89' lang='lat' dir='ltr'><strong>num</strong></span> <span class='ocrx_word' id='word_1_382' title='bbox 237 3520 328 3587; x_wconf 91' lang='lat' dir='ltr'><strong>recte,</strong></span> <span class='ocrx_word' id='word_1_383' title='bbox 342 3522 384 3576; x_wconf 62' lang='lat' dir='ltr'><strong>,ut</strong></span> <span class='ocrx_word' id='word_1_384' title='bbox 405 3518 526 3589; x_wconf 83' lang='lat' dir='ltr'><strong>videtur,</strong></span> <span class='ocrx_word' id='word_1_385' title='bbox 550 3520 586 3574; x_wconf 85' lang='lat' dir='ltr'><strong>ab</strong></span> <span class='ocrx_word' id='word_1_386' title='bbox 609 3519 654 3573; x_wconf 92' lang='lat' dir='ltr'><strong>his</strong></span> <span class='ocrx_word' id='word_1_387' title='bbox 677 3519 874 3574; x_wconf 85' lang='lat' dir='ltr'><strong>discriminant</strong></span> <span class='ocrx_word' id='word_1_388' title='bbox 896 3517 1049 3575; x_wconf 82' lang='lat' dir='ltr'><strong>Grauertus</strong></span> <span class='ocrx_word' id='word_1_389' title='bbox 1072 3539 1099 3589; x_wconf 89' lang='lat' dir='ltr'><strong>p.</strong></span> <span class='ocrx_word' id='word_1_390' title='bbox 1121 3527 1154 3575; x_wconf 78' lang='grc'><strong>79</strong></span> 
     </span>
    </p>
   </div>
   <div class='ocr_carea' id='block_1_6' title="bbox 0 0 1338 3914">
    <p class='ocr_par' dir='ltr' id='par_1_6' title="bbox 0 0 1338 3914">
     <span class='ocr_line' id='line_1_48' title="bbox 0 0 1338 3914; baseline 0 5"><span class='ocrx_word' id='word_1_391' title='bbox 0 0 1338 3914; x_wconf 95' lang='lat' dir='ltr'><strong> </strong></span> 
     </span>
    </p>
   </div>
  </div>
 </body>
</html>
