2694 3906
550 192 582 248 L.
599 191 783 248 landawe

644 359 691 420 ΙΠ

640 460 723 526 alius
745 459 795 526 est
816 455 927 543 amor,

163 549 258 618 Alitis
282 548 413 636 Cupido,

236 670 348 728 Servius
366 671 436 726 Dan.
455 670 486 725 in
503 671 572 726 Aen.
590 671 630 725 IV
644 676 696 724 194
725 669 966 740 ‘(cupidinem)
993 671 1102 724 ueteres
1129 669 1173 724 in·

164 744 341 798 moderatum
358 758 481 797 amorem
499 742 640 797 dicebant.
660 740 793 796 Afranius
811 739 962 796 neraria:
982 740 1066 795 alius’
1077 757 1100 796 e.
1111 757 1138 809 q.
1149 759 1171 795 s.

165 814 308 896 [Omenl]
346 813 523 869 Cinerario
542 813 684 882 Ambros,
707 811 1044 882 prosarioflermmnus.
1077 811 1171 866 Minus

163 885 325 956 probabilia
347 884 468 939 coniecit
490 883 661 940 Ritschelius
685 900 778 952 opusc.
798 883 824 936 11
842 888 902 937 328.
939 882 979 937 cf.
998 881 1113 938 Catonis
1132 900 1171 938 or.

161 975 192 1028 p.
201 963 245 1028 4⁷,
256 963 289 1014 u
299 957 323 1012 J.
344 955 434 1012 ‘aliud
452 959 503 1028 est,
521 955 661 1026 Philippe,
681 971 766 1024 amor,
785 953 869 1024 longe
886 953 966 1010 aliud
984 957 1028 1010 est
1046 953 1168 1026 cupido!

546 1122 791 1186 OOMPITALIA

234 1240 356 1312 Prologo
375 1241 523 1311 desumpta
539 1240 553 1294 I
570 1239 596 1294 H
613 1239 660 1310 ΙΙΙΊ
679 1241 713 1293 ut
730 1238 788 1293 iam
805 1237 993 1294 Neukirchius
1011 1237 1129 1294 monuit.

661 1372 678 1430 Ι

112 1489 172 1540 26.
196 1525 203 1538 .
227 1525 233 1537 .
257 1473 518 1560 fatcor,.sdmpsi
539 1495 605 1538 non
628 1472 669 1537 ab
692 1472 749 1537 illo
773 1472 883 1558 modo,

165 1577 228 1647 Sed
250 1583 288 1644 rit
311 1578 445 1664 quisque
467 1577 596 1662 habuit,
619 1577 806 1656 adnueniret
829 1576 915 1662 quod
936 1578 1031 1664 mihi,

165 1685 258 1764 Quod
280 1687 332 1750 me
353 1706 420 1750 non
441 1704 534 1768 posse
556 1683 672 1750 melius
694 1683 798 1749 facere
822 1683 955 1771 credidi,
1054 1669 1059 1678 ¹

164 1791 274 1857 Etiam
296 1793 316 1856 a
338 1791 463 1855 Latino.

235 1911 395 1967 Macrobius
415 1911 472 1967 Sat.
486 1910 526 1966 Vl
540 1916 595 1980 1‚4
616 1910 759 1965 ‘Afranius
779 1912 854 1966 enim
871 1914 1033 1984 togatarum
1056 1914 1176 1985 scriptor

164 1984 196 2039 in
210 2000 244 2038 ea
261 1986 370 2054 togata,
389 1998 461 2050 quae
475 1981 645 2052 Compitalia
662 1981 834 2064 inscribitur²
852 2000 910 2038 non
927 1983 1114 2041 inuerecunde
1131 2003 1175 2041 re·

167 2055 306 2126 spondens
325 2052 516 2125 arguentibus,
536 2053 611 2122 quod
629 2052 712 2124 plura
731 2057 895 2124 sumpsrsset
913 2072 931 2109 a
948 2055 1111 2127 Menandro,
1130 2057 1173 2112 fa-

165 2128 239 2196 teor,
262 2125 368 2195 inquit,
397 2124 517 2195 sumpsi’
539 2141 562 2180 e.
582 2142 608 2194 q.
628 2143 649 2179 s.
687 2123 868 2180 Cassiodorus
893 2125 927 2180 de
951 2125 1077 2182 amicitia
1103 2129 1173 2198 prol.

168 2197 280 2252 ‘iterum
293 2197 324 2251 in
337 2195 410 2251 libro
425 2196 535 2251 Satmn.
550 2195 692 2250 Affranius
707 2198 827 2266 togatar.
843 2196 962 2267 scriptor
978 2197 1009 2251 in
1022 2214 1056 2252 ea
1074 2201 1175 2270 togata

166 2285 239 2337 quae
258 2267 426 2338 Compitalia
444 2266 619 2336 inscribitur,
639 2266 696 2320 suis
715 2268 886 2337 respondens
906 2268 1111 2324 detractoribus
1131 2271 1173 2324 di-

166 2340 294 2395 centibus
317 2356 381 2394 cum
404 2339 439 2392 de
461 2338 534 2393 libro
557 2337 705 2394 Menandri
727 2355 785 2394 non
810 2339 901 2394 solum
928 2339 1097 2410 sententias,
1126 2343 1176 2398 sed

166 2412 254 2466 uerba
272 2411 383 2482 integra
401 2408 639 2479 transsumpsisse,
658 2409 852 2480 transsumpsi,
871 2409 972 2479 inquit,
992 2411 1041 2465 sed
1054 2428 1089 2466 ea
1102 2429 1175 2482 quae

165 2481 266 2608 pelias
284 2498 329 2536 me
347 2497 429 2552 posse
447 2480 574 2536 inuenire
591 2497 649 2534 non
667 2479 793 2535 credidi’
831 2481 972 2536 Indicavit
989 2481 1063 2537 hunc
1081 2481 1176 2539 locum

193 2570 312 2608 seuerus.

237 2665 252 2714 1
271 2659 322 2714 illo
342 2658 402 2716 soli
421 2658 504 2713 modo
519 2659 619 2726 Paria,
632 2675 682 2714 occ
695 2659 854 2728 displicebat
868 2659 1037 2729 Hermomw,
1052 2663 1101 2731 qai
1114 2661 1174 2717 solo

167 2733 279 2804 tepebat,
296 2733 361 2786 item
379 2731 509 2798 Kocbice,
527 2730 576 2800 qui
593 2728 705 2784 fatebor
721 2732 812 2799 forma
829 2747 935 2785 verruca
952 2733 1077 2801 explebat

166 2810 182 2858 2
202 2801 328 2872 quisquis
347 2802 413 2856 Por.
468 2799 631 2856 conueniret
648 2801 724 2870 quod
742 2801 861 2856 Bottiaia
878 2801 955 2870 quod
973 2803 1136 2858 conueniret
1153 2826 1174 2859 ω

166 2874 243 2943 quod
261 2871 447 2928 conueniebat
465 2872 644 2927 Hermanno
715 2877 731 2926 3
750 2873 800 2927 dcl.
820 2873 963 2931 Beatlciua
1023 2875 1100 2942 quod
1117 2876 1175 2930 Bo·

166 2949 243 3071 τίιὲαῧ
253 2945 384 3014 quodque
398 2963 428 3012 ω,
446 2945 550 2998 aarum
567 2944 625 2998 cult
643 2942 803 2999 Stutsctias
821 2945 838 2998 l.
854 2945 872 2998 l.
889 2949 948 3014 153,
966 2946 1014 3000 aad
1031 2947 1066 3014 cf.
1081 2948 1173 3003 coroll.

168 3196 299 3263 Terenti
320 3214 440 3260 numne
463 3191 601 3258 similem
625 3193 731 3258 dicent
754 3195 959 3280 quempiam?

238 3316 387 3375 Suetonius
405 3314 482 3371 vitae
501 3313 614 3369 Terenti
633 3331 655 3368 c.
675 3319 691 3368 5
708 3331 736 3384 p.
751 3319 785 3368 33
803 3313 836 3370 R.
858 3316 943 3372 ‘hunc
960 3317 1093 3374 Afranius
1113 3321 1176 3390 qui·

168 3387 383 3526 igriii’offllis
407 3385 520 3440 comicis
540 3384 665 3455 praefert
688 3384 812 3440 scribens
834 3385 865 3440 in
883 3386 1100 3458 Compitalibus:
1124 3393 1177 3449 Te-

240 3562 351 3618 Terenti
370 3563 535 3619 Bitschcliaa
551 3579 641 3633 opusc.
656 3563 695 3617 Ill
714 3568 766 3619 262
784 3563 898 3618 terentii
912 3565 1003 3622 Paris.
1013 3567 1040 3622 A
1053 3569 1176 3626 terentio
