2684 3908
540 184 570 241 L.
587 183 751 238 AFRANIV
753 184 771 238 S
1097 183 1163 248 265

607 351 706 410 XXVI

217 451 345 520 Nonius
365 477 395 539 p.
409 452 484 539 557,
502 454 544 517 14
567 453 601 517 in
620 457 763 518 extremo
782 453 876 537 libro,
899 453 934 517 in
952 453 1067 538 capitis
1084 451 1164 518 XIX

152 561 203 625 ‘de
220 558 474 645 propinquitate'
489 559 578 624 exitu
596 563 671 644 post
689 561 848 645 explicata
866 560 997 624 nomina
1011 560 1164 625 ‘caesares

152 667 305 753 agrippae
327 666 478 750 uopiscus
500 665 573 752 glos
596 666 679 730 lauir
701 666 832 731 fratriae
855 665 981 730 amitini
1003 667 1165 750 patrueles

152 772 348 838 consobrini'
367 771 447 838 haec
465 772 567 838 addit:
591 773 641 838 ‘de
661 773 778 858 quibus
801 773 947 857 exempla
967 773 1070 842 multa
1088 776 1165 838 sunt

87 882 90 889 '
151 880 186 944 in
209 879 351 964 antiquis
374 879 560 944 auctoribus
583 882 616 944 et
642 880 782 944 maxime
809 880 844 944 in
866 878 1001 946 Afranio
1025 883 1058 944 et
1084 878 1164 943 iuris

150 985 380 1050 uetustissimis
397 985 630 1071 scriptoribus?
664 985 711 1051 Of.
725 985 853 1050 Afranii
871 985 1071 1071 Consobrini,
1089 984 1164 1049 Fra-

152 1093 242 1178 triae,
265 1091 466 1178 Materterae,
488 1091 609 1178 Mariti,
630 1092 815 1180 Priuignus,
838 1091 980 1178 Sorores,
996 1091 1164 1176 Vopiscus.

600 1257 716 1316 XXVH

155 1425 157 1429 ,
219 1357 341 1424 Marius
354 1358 542 1425 Victorinus
560 1359 595 1424 in
615 1355 697 1424 OGL
710 1357 759 1424 Vl
779 1359 880 1424 7911.
903 1359 1001 1444 ‘quod
1023 1379 1101 1422 uero
1125 1356 1165 1420 ad

152 1466 359 1551 clausulas,
377 1466 411 1530 id
430 1469 478 1530 est
491 1466 672 1530 minuscula
685 1465 764 1551 cola,
782 1467 932 1552 pertinet,
951 1461 1031 1550 quot
1048 1485 1165 1551 genera

151 1595 305 1638 uersuum
332 1575 422 1658 sunt,
453 1572 589 1636 totidem
617 1595 728 1638 eorum
755 1572 900 1638 membra
928 1595 987 1658 pro
1015 1570 1166 1636 clausulis

153 1679 232 1764 poni
259 1683 409 1764 possunt,
436 1682 469 1743 et
494 1678 599 1743 solent
626 1679 660 1743 in
683 1680 845 1744 canticis
868 1680 972 1766 magis
995 1701 1091 1763 quam
1115 1677 1166 1740 de-

152 1786 287 1871 uerbiiS,
315 1808 396 1870 quae
420 1807 458 1850 ex
486 1785 634 1850 trimetro
662 1786 766 1872 magis
794 1785 987 1871 subsistunt,
1014 1783 1165 1851 collocari

153 1897 186 1958 et
212 1892 383 1978 praecipue
409 1891 494 1977 apud
515 1891 668 1956 Plautum
692 1897 724 1956 et
746 1891 907 1959 Naeuium
931 1897 963 1958 et
985 1891 1165 1956 Afranium.

152 2021 228 2064 nam
249 1998 284 2062 hi
302 1998 441 2063 maxime
461 2020 500 2063 ex
518 1998 669 2063 omnibus
691 1999 845 2064 membris
863 2021 1015 2064 uersuum
1033 1998 1166 2081 <uelut>

153 2107 234 2172 colis
268 2105 308 2171 ab
349 2105 401 2170 his
441 2105 596 2190 separatis
636 2106 770 2172 fiaenter
805 2106 856 2170 usi
892 2105 1096 2192 reperiuntur
1130 2103 1166 2166 in

154 2213 327 2278 clausulis?

225 2333 323 2388 uelut
344 2331 463 2387 inseruit
485 2332 593 2386 Keiliua

362 2517 527 2578 INOERTI
549 2515 720 2577 Norflrus
743 2515 961 2586 RELIQVIAX

654 2642 669 2700 I

222 2743 343 2810 Seneca
360 2743 452 2829 epist.
472 2744 525 2828 89,
542 2743 560 2806 7
586 2743 755 2828 ‘sapientia
778 2745 828 2807 est
850 2763 947 2826 quam
967 2739 1080 2805 Graeci
1103 2756 1168 2805 σο-

155 2853 253 2936 φίαν
279 2853 405 2915 uocant.
450 2848 513 2914 hoe
538 2849 639 2914 uerbo
664 2848 803 2915 Romani
831 2869 959 2932 quoque
985 2846 1169 2932 utebantur,

156 2959 239 3022 siout
257 2955 463 3043 philosophia
476 2977 562 3020 nunc
577 2977 704 3040 quoque
717 2959 867 3020 utuntur:
886 2953 972 3038 quod
989 2958 1021 3018 et
1039 2956 1168 3039 togatae

156 3063 218 3128 tibi
241 3063 391 3147 antiquae
413 3062 599 3147 probabunt
622 3066 655 3126 et
679 3063 853 3147 inscriptus
874 3060 1035 3124 Dossenni
1058 3080 1170 3123 monu-

156 3173 265 3235 mento
289 3168 425 3234 titulus?
464 3167 511 3234 cf.
529 3166 684 3233 Afranius
703 3169 777 3233 299.

647 3333 679 3392 Π

225 3434 355 3501 Servius
378 3434 458 3500 Dan.
481 3435 516 3499 in
538 3433 635 3520 Verg.
658 3432 739 3498 Aen.
761 3432 809 3498 Xl
833 3433 898 3497 160
920 3432 1057 3496 ‘ueteres
1082 3431 1168 3495 enim

159 3539 298 3606 uiuendo
334 3539 462 3605 uincere
494 3539 643 3604 dicebant
679 3539 884 3624 superuiuere
919 3589 925 3603 .
955 3589 961 3604 .
989 3589 996 3602 .
1030 3559 1105 3602 nam
1137 3540 1170 3600 et
