2686 3910
516 153 653 210 SEXTVS
672 153 861 211 TVRPILIVS

461 323 514 382 IIX
536 321 722 382 moueris
745 321 914 380 FABVLIS

679 447 695 506 I

185 548 261 616 Sola
293 571 343 615 res
375 571 456 635 quae
487 549 634 615 homine's
666 549 812 613 absentes
842 547 977 632 (uthis)
1009 551 1196 632 praesentes

766 654 852 721 feeit.

252 777 437 848 Hieronymus
452 777 533 847 epist.
548 783 582 830 42
598 777 621 846 (I
634 795 661 846 p.
677 782 711 830 94
726 793 743 830 a
757 776 799 830 ed.
815 775 915 846 Amet.)
937 775 1090 845 ‘Turpilius
1105 775 1192 832 comi-

180 865 232 902 eus
254 851 411 906 tractans
435 849 474 902 de
497 846 746 902 uicissitudine
768 846 951 901 literarum
976 846 1063 916 sola,
1090 847 1195 918 inquit,

181 935 235 974 res
254 922 307 974 est
324 936 410 988 quae
428 919 581 974 homines
601 917 762 972 absentes
780 920 982 987 praesentes
1001 917 1098 974 faeit.
1133 917 1196 974 Nee

181 989 284 1045 falsam
302 990 381 1045 dedit
399 1007 569 1058 quamquam
582 989 612 1043 in
625 1005 656 1043 re
668 1005 726 1044 non
739 1005 807 1043 uera
821 987 999 1044 sententiam.
1030 989 1104 1055 Quid
1118 989 1195 1044 enim

181 1065 237 1132 est,
256 1065 288 1116 ut
305 1061 348 1116 ita
366 1060 471 1130 dicam,
489 1064 549 1116 tam
566 1077 697 1130 praesens
716 1059 790 1114 inter
809 1060 941 1115 absentes
961 1077 1047 1128 quam
1065 1077 1115 1130 per
1134 1060 1193 1130 epi-

182 1132 269 1188 stolas
293 1136 322 1188 et
344 1131 451 1202 alloqui
476 1135 505 1186 et
522 1131 619 1186 audire
638 1149 708 1200 quos
727 1129 859 1201 diligasl’
898 1130 938 1185 cf.
959 1131 1132 1186 Philemonis
1159 1147 1194 1186 ex

180 1203 301 1274 Apolide
318 1220 427 1259 versus:
457 1204 519 1295 οὐχὶ
541 1203 628 1274 μόνον
651 1198 732 1266 οὗτος
750 1197 813 1271 εὗρε
831 1211 891 1265 πῶς
909 1201 1066 1273 λαλήσομεν
1084 1203 1193 1272 Adsere,

137 1295 139 1298 ·
180 1273 332 1364 deniquae-ee
349 1276 438 1331 πολὺν
456 1273 496 1329 ἀπ
523 1274 646 1342 ἀλλήλων
664 1271 775 1344 χρόνον,
792 1270 863 1328 Odd’
881 1271 914 1328 ὃν
928 1271 1035 1343 τρόπον
1052 1271 1193 1344 μηδέποτε

181 1348 251 1414 pqde
275 1342 314 1410 sle
335 1345 421 1402 πάλιν
440 1343 603 1414 Ἐπιλήσεθ’
625 1345 703 1434 ῇμῶν
722 1343 818 1436 μηδέν,
843 1341 982 1416 ἐμβλέψας
1003 1342 1035 1399 de'
1053 1363 1109 1400 που
1131 1344 1193 1400 To'ca

179 1424 230 1470 τοῦ
247 1414 350 1486 χρόνον
368 1424 418 1471 τοῦ
436 1416 542 1480 παντὸς
557 1417 648 1484 εἴσει,
668 1416 739 1470 ἀλλα
752 1416 801 1470 καὶ
817 1417 914 1486 Ψυχῆς
929 1415 1029 1485 ἰατρὸν
1043 1415 1194 1472 κατέλιπεν

178 1485 215 1541 τὰ
233 1487 388 1558 γράμματα.
425 1487 499 1542 Nam
518 1488 552 1542 de
571 1487 693 1556 epistula
711 1486 788 1556 apud
805 1487 956 1554 utrumque
977 1503 1067 1541 sermo
1087 1489 1137 1541 est.

251 1593 289 1647 In
310 1595 593 1650 caussationem
611 1593 809 1664 Kiesslisapiam
830 1579 937 1648 secatae
960 1609 1034 1648 som:
1063 1592 1124 1648 sola
1146 1609 1193 1648 res

179 1665 223 1718 est
241 1679 313 1731 quae
330 1666 492 1734 praesentes
509 1663 537 1720 h.
556 1663 687 1718 absentes
705 1661 776 1717 faeit
796 1663 970 1731 Graatoffius

188 1949 195 1963 .
220 1948 226 1960 .
250 1948 257 1962 .
281 1897 372 1982 quasi
395 1919 469 1962 oum
490 1897 607 1962 ue'ntus
629 1897 693 1961 fert
715 1918 830 1990 nauem
853 1896 888 1961 in
910 1918 1001 1961 mare

125 2023 177 2072 215
189 2001 366 2093 Secundus,
389 2003 416 2068 si
440 2003 512 2088 quis
534 2003 707 2088 propedem
730 2002 820 2068 misit
842 2002 908 2068 suis

186 2109 277 2180 Velis
299 2110 493 2175 ministrum.
772 2121 775 2125 '

247 2229 371 2286 Isidorus
395 2229 470 2300 Orig.
489 2231 566 2299 XIX,
584 2237 602 2285 4
623 2231 759 2301 ‘propes
782 2229 871 2298 funis,
895 2246 950 2298 quo
973 2246 1023 2300 pes
1047 2230 1106 2285 ueli
1126 2230 1192 2285 alli-

176 2301 373 2428 {girumz’qmi
391 2317 477 2372 prope
495 2302 588 2372 pedes.
626 2303 661 2356 de
679 2318 735 2370 quo
754 2301 909 2370 Turpilius:
933 2301 1086 2369 quasi...
1105 2301 1191 2356 mini-

714 2456 730 2484 V

248 2497 597 2568 momentaneamque
647 2498 740 2561 uentre
760 2495 849 2551 Germ.
868 2501 920 2550 806
940 2495 1036 2551 uentis
1056 2498 1191 2566 Wolfeab.

175 2569 288 2624 Moeno.
309 2569 399 2625 Germ.
418 2573 469 2623 805
532 2567 607 2690 fert}¹
618 2569 661 2622 est
678 2569 719 2622 ed.
734 2583 780 2638 pr.
799 2568 887 2623 altero
949 2567 1047 2622 nanim
1066 2569 1156 2624 Por(

174 2639 246 2694 mari
265 2640 377 2695 Mosae.
457 2644 577 2692 2seeun
599 2637 622 2692 's
641 2639 732 2694 Parte.
753 2637 807 2694 Ga.
825 2657 844 2693 α
862 2638 964 2693 sedens
984 2639 1051 2695 Zitt.
1124 2655 1189 2709 pro·

174 2711 268 2780 pedon
290 2710 422 2778 Wolfeat.
442 2709 553 2765 Mosae.
575 2709 703 2764 German.
722 2717 833 2780 aterque
935 2709 996 2764 suis
1015 2709 1087 2765 uelis
1105 2709 1190 2764 mini-

175 2785 264 2836 strum
277 2782 379 2836 conieci
392 2780 416 2834 si
427 2779 485 2834 ueli
498 2779 657 2834 ministrum
671 2780 736 2836 Zitt.
752 2779 776 2834 si
789 2779 848 2834 ueli
861 2779 943 2850 (uelis
963 2781 1053 2837 Germ.
1067 2784 1190 2852 aterque)

99 2861 101 2866 ’
175 2851 319 2906 sinistrum
341 2851 474 2919 Wolseob.
493 2851 605 2907 Monac.
627 2851 774 2907 Gaurana.
811 2851 958 2908 Audacius
984 2855 1017 2907 ia
1038 2854 1103 2909 haee
1125 2869 1189 2908 core·

173 2925 261 2980 saluit
280 2921 466 2994 &staffines
494 2925 542 2992 qai
563 2923 611 2978 hos
632 2923 755 2978 senories
777 2925 931 2992 temptavit:
960 2922 1044 2991 quasi
1063 2925 1126 2978 oi'sm
1145 2939 1188 2978 se-

174 2993 282 3118 eundug
295 2995 397 3048 uentus
415 2992 470 3047 fert
487 2992 584 3048 nauim
602 2993 632 3047 in
649 3009 727 3048 mare
746 2992 776 3046 Si
794 2995 856 3062 quis
876 2993 1025 3049 sinistrum
1037 2993 1116 3050 misit
1128 2993 1188 3051 ueli

175 3081 263 3135 prope
284 3080 329 3119 em

656 3161 703 3220 m
744 3131 745 3134 γ

172 3262 323 3350 glabrum
346 3266 455 3348 tapete

192 3451 220 3465 ..
244 3383 351 3438 Nonius
371 3390 432 3454 229,
452 3389 468 3438 5
489 3386 622 3454 ‘tapete
641 3383 751 3453 generis
769 3385 871 3440 neutri.
908 3385 1051 3468 Turpilius
1070 3385 1189 3442 etCae-

172 3454 267 3509 erhus:
288 3455 362 3524 g.t.’
399 3455 476 3509 Idem
495 3461 555 3523 542,
576 3460 608 3509 18
629 3455 762 3524 ‘tapete
793 3458 907 3582 teffinen
925 3459 1005 3511 un1te
1023 3460 1132 3527 protum
1150 3457 1188 3512 de

171 3524 312 3580 coloribus
330 3525 417 3580 uariis
437 3527 499 3584 ...'
537 3525 577 3580 cf.
596 3525 695 3582 Festus
713 3545 740 3596 p.
760 3499 811 3582 3’51
889 3529 1022 3599 (Demetr.
1042 3528 1131 3599 XVII)
