2668 3904
458 127 643 183 elrvnnvs
679 129 870 184 anurvnvs
1105 101 1169 192 371

156 367 159 373 .
230 287 270 342 Cf.
290 287 430 342 Martialis
450 288 484 342 do
508 291 659 369 spectaro?
682 287 814 370 {qualiter
832 288 863 341 in
882 287 1013 370 Scythica
1033 289 1171 358 religatus

158 359 1171 501 61161111111113116111111116111311111111

159 519 258 556 eruce
277 501 475 555 Laureolus’
493 517 515 555 e.
527 520 552 570 q.
565 519 584 556 s.
619 501 809 556 Tertullianus
829 501 1096 559 adv,Valentin.14
1117 501 1170 556 ‘ita

159 573 277 643 depulsa
295 589 356 642 quo
378 573 471 626 minus
494 576 624 642 pergeret
646 589 698 627 neo
720 573 828 627 habens
852 574 1031 642 superuolare
1052 590 1170 644 erucem,

158 643 377 782 iitii’lioiloh'
401 643 596 712 quianullum
615 644 748 699 Catulli
770 644 973 699 Laureolum
989 643 1075 699 fuerit
1094 662 1171 700 exer·

650 847 680 905 Π
831 927 832 930 ,

228 948 401 1014 Suetonius
422 946 521 1035 Oalig.
541 947 583 1012 57
608 949 652 1012 ‘et
676 969 748 1012 oum
772 949 806 1011 111
824 947 981 1012 Laureolo
1005 948 1113 1034 mima,
1137 949 1172 1012 in

160 1078 223 1140 quo
246 1059 335 1120 aotor
356 1055 538 1139 proripiens
557 1077 590 1119 se
609 1055 702 1119 ruina
721 1055 909 1140 sanguinem
927 1055 1040 1139 uomit,
1063 1053 1170 1140 plures

159 1162 370 1226 secundarum
389 1162 536 1226 certatim
556 1163 810 1246 experimentum
825 1163 904 1226 artis
920 1162 1040 1246 darent,
1059 1184 1171 1226 eruore
1230 1180 1232 1184 ·

160 1291 273 1333 soaena
296 1268 494 1332 abundauit?

584 1451 749 1510 PHasMA
848 1445 853 1455 '

201 1593 204 1599 ·
226 1570 387 1635 Iuvenalis
401 1570 481 1636 VIII
502 1571 564 1636 185
588 1572 798 1656 ‘consumptis
821 1571 937 1655 opibus
959 1592 1086 1656 uocem,
1109 1571 1171 1635 Da

160 1679 317 1764 masippe,
340 1677 454 1742 locasti
478 1677 619 1766 Siparis,
642 1679 817 1744 clamosum
840 1699 951 1764 ageres
974 1681 1011 1742 ut
1032 1677 1171 1743 Phasma

160 1783 301 1848 catulli?
350 1784 448 1849 schol.
472 1785 607 1850 “nomen
634 1788 683 1849 est
710 1784 940 1870 mimographi,
973 1787 1005 1848 et
1032 1784 1171 1849 Phasma

158 1913 275 1956 nomen
299 1894 347 1956 est
370 1891 518 1956 fabulae.⁷

491 2109 689 2170 INOERTVS
712 2106 841 2168 MIMVS

225 2227 387 2292 Iuvenalis
409 2227 490 2292 XIII
515 2227 577 2292 109
604 2229 690 2292 ‘nam
713 2249 786 2292 oum
809 2249 927 2314 magna
949 2229 1051 2292 malae
1075 2249 1183 2312 super¹

159 2339 208 2398 est
227 2334 359 2398 audacia
377 2357 499 2418 causae,
524 2333 672 2398 Creditur
695 2357 713 2398 a
735 2334 847 2398 multis
869 2335 994 2398 fiducia.
1035 2335 1170 2399 mimum

160 2442 228 2526 agit
262 2441 330 2526 ille,
366 2440 490 2506 Vrbani
528 2441 655 2524 qualem
692 2441 851 2526 fugitiuus
887 2463 997 2505 scurra
1031 2439 1170 2506 catulli!

160 2547 257 2612 sohol.
289 2547 379 2611 ‘talis
411 2551 460 2610 est
492 2547 578 2610 enim
610 2547 741 2632 mimus,
779 2547 851 2611 ubi*
867 2569 979 2612 seruus
1011 2547 1170 2634 fugitiuus
1198 2587 1199 2590 =

159 2655 325 2718 dominum
348 2676 442 2718 suum
465 2653 587 2718 trahit?

486 2963 845 3052 LENTVLVS

541 3155 789 3216 OATINENSES

227 3279 445 3342 Tertullianus
474 3276 511 3340 de
538 3276 637 3360 pallio
661 3276 683 3338 4
710 3275 776 3340 ‘sed
807 3279 839 3339 et
870 3276 926 3360 qui
956 3281 1029 3340 ante
1057 3276 1170 3361 Tiryn-

163 3385 267 3449 thium
295 3387 469 3450 accesserat
495 3383 605 3469 pugil
632 3380 880 3446 Cleomachus
906 3387 980 3467 post
1003 3383 1170 3468 Olympiae

161 3513 233 3554 oum
270 3491 450 3556 incredibili
484 3493 611 3554 mutatu
644 3489 682 3554 de
714 3490 857 3554 masoulo
889 3490 1049 3576 fluxisset,
1085 3491 1171 3554 intra

958 3596 1010 3648 24*
