2684 3908
396 157 425 212 L.
444 155 654 248 POMPONWS
673 157 916 216 BONONIENSIS
1095 163 1156 228 291

222 317 413 386 Nonius'474‚
435 323 468 370 25
494 317 659 372 ‘minabis
697 319 867 388 Pomponius
890 320 1007 375 Patruo:
1032 320 1161 375 mirum’

152 405 175 442 e.
191 406 217 456 q.
233 407 267 444 ss
291 389 415 458 (Pappo
435 388 545 458 iunius)

223 494 310 549 facies
329 495 420 563 latus,
438 494 540 548 mirum
558 514 578 551 c
626 507 627 512 ’
656 495 680 550 si
699 497 764 550 stud
782 496 900 550 nimium
919 499 1115 554 Lachmcaaas
1133 501 1164 554 ia

152 567 302 691 lillruinlm
321 565 473 637 sistudium
491 587 512 620 ω
537 567 561 620 si
583 567 660 620 istud
684 567 809 622 studium
830 570 947 624 Vossius.
985 570 1033 624 Aa
1057 570 1080 624 si
1099 571 1163 624 stud

522 805 793 866 PHlLOSOPHIA

152 923 265 1012 'Erg0,
294 925 339 988 mi
366 928 542 1011 Dossennc,
572 947 644 990 cum
672 926 770 990 istaec
797 929 938 992 memore
965 926 1141 990 meministi

897 1033 1017 1118 indica,

153 1137 219 1216 Qur‘
248 1139 329 1203 illud
362 1161 475 1204 aurum
508 1139 685 1204 abstulerit.
714 1178 755 1186 —
788 1139 863 1206 Non
894 1139 991 1204 didici
1024 1139 1216 1207 ariolari110

897 1246 1019 1332 gritiis.

223 1367 331 1421 Nonius
358 1374 422 1436 514,
447 1374 480 1421 23
511 1369 669 1422 ‘memore
701 1385 751 1438 pro
779 1367 946 1422 memoriter.
992 1367 1163 1437 Pomponius

152 1437 347 1508 Philosophia:
369 1439 445 1508 ergo’
463 1456 485 1494 e.
501 1458 526 1508 q.
543 1457 563 1493 s.
602 1439 767 1508 (phophis
785 1457 835 1492 ms.
850 1438 928 1492 Junii
950 1438 1163 1508 Philosopha

152 1509 270 1563 Bothius
296 1509 506 1580 Philosopho
531 1509 696 1564 Gebhardus
730 1510 952 1580 Philosophis
980 1511 1162 1581 Duentzerus)

151 1580 310 1634 Priscianus
337 1599 363 1650 p.
385 1587 453 1636 1014
475 1582 505 1637 P.
537 1581 721 1651 ‘Pomponius
749 1582 788 1635 de
817 1581 1056 1652 philosophia:
1091 1599 1163 1636 cum

151 1652 263 1706 istaec
288 1668 431 1707 memore
456 1651 623 1722 meminit,
650 1669 701 1722 pro
724 1653 903 1707 memoriter.'
941 1652 978 1706 Et
1000 1669 1102 1707 nomen
1120 1653 1162 1706 fa-

151 1723 236 1777 bulae
255 1726 284 1777 et
301 1740 397 1778 versus
417 1726 620 1778 commentatus
640 1728 683 1778 est
701 1725 849 1780 Mercerus.

226 1836 239 1882 1
266 1829 305 1882 mi
332 1829 475 1884 Dorsenne
504 1831 644 1886 Merseras
672 1831 702 1884 ni
730 1831 866 1886 dossedne
894 1853 915 1885 ω
945 1831 1016 1884 mihi
1043 1833 1162 1886 Dossen-

151 1917 219 1954 num
240 1901 296 1958 Ea.
311 1903 414 1957 Becker
436 1904 480 1972 (cf.
500 1903 590 1957 coccii.
609 1901 730 1971 LXXXI)
820 1901 909 1956 istaec
927 1903 1013 1958 Bac
1029 1904 1119 1958 Nonii
1136 1911 1162 1958 ct

152 1972 239 2026 Prisc.
254 1984 277 2042 ψ
300 1971 373 2028 istae
391 1974 490 2028 Bamb.
506 1974 593 2029 Prisc.
614 1973 741 2028 istahaec
760 1975 872 2044 Nouo
944 1989 1097 2028 memorero
1115 1975 1163 2028 Bc

151 2044 242 2098 Nonii
312 2043 440 2098 meminit
458 2045 601 2100 Prisciani
619 2066 640 2098 ω
730 2051 745 2098 2
770 2045 838 2113 quid
859 2045 899 2100 W
965 2045 1046 2098 illum
1066 2047 1094 2099 P

152 2113 266 2168 ariolari
289 2115 401 2170 H’W'
426 2114 527 2170 aiolari
549 2116 601 2170 W¹
628 2115 764 2170 hariolari
787 2137 808 2185 φ
899 2115 998 2186 gratiis
1023 2116 1163 2172 Mercrius

151 2184 240 2256 gratis
260 2206 280 2238 ω

550 2353 767 2414 PICTORES*
822 2401 823 2404 η

224 2471 263 2526 Oi.
294 2469 444 2541 Ζωγράφοι
475 2469 696 2540 Anaxandridis‚
730 2469 883 2541 Ζωγράφος
914 2470 1084 2541 Antiphanis
1113 2470 1161 2524 Di-

150 2541 223 2612 phili
242 2541 278 2597 al.
316 2542 371 2597 Sed
394 2541 511 2596 dubium
532 2545 587 2610 est,
612 2559 648 2596 an
670 2559 727 2596 non
749 2542 822 2598 forte
845 2541 1041 2596 Piscatores
1064 2541 1158 2612 potius

150 2612 264 2682 fuerint,
281 2613 446 2682 praesertim
465 2630 529 2667 cum
541 2613 604 2682 ipsa
618 2613 746 2669 codicum
760 2612 899 2682 scriptura
916 2613 948 2667 fr.
963 2614 996 2668 ΙΙ.
1011 2613 1050 2667 VI
1067 2617 1095 2667 et
1109 2613 1161 2667 VH

151 2683 329 2753 (Pistoribus)
353 2701 385 2738 eo
409 2684 510 2738 ducere
528 2684 666 2740 videatur.
704 2685 784 2740 Certe
806 2685 906 2738 horum
929 2685 1046 2739 duorum
1070 2701 1159 2740 exem-

150 2754 260 2824 plorum
280 2755 359 2809 sedes
379 2755 512 2826 ambigua
531 2757 581 2810 esi.
614 2755 767 2811 Pistores
787 2755 964 2810 commendat
977 2755 1159 2810 Woelfflinus

151 2843 221 2880 mus.
237 2826 325 2882 Rhen.
340 2833 384 2896 43,
399 2833 457 2882 309.

648 2977 663 3034 Ι

150 3077 280 3164 Pappus
298 3078 386 3143 hicin
404 3077 545 3142 medicus
563 3077 702 3165 habitat,
726 3079 832 3143 senics
854 3101 919 3144 non
940 3079 1142 3145 sescunciae?

220 3209 329 3264 Nonius
346 3213 386 3280 1⁷,
402 3215 437 3264 20
457 3209 585 3264 ‘scnica
603 3208 745 3280 significat
764 3211 867 3264 senex)

90 3382 93 3388 ,
221 3324 298 3380 hicin
320 3325 445 3380 medicus
468 3325 567 3395 scripsi
590 3325 646 3392 (hic
669 3325 813 3379 mendicus
836 3327 911 3396 olim)
938 3324 984 3380 hic
1011 3325 1042 3378 in
1066 3325 1159 3379 medio

150 3397 314 3452 EFHLP
338 3396 385 3450 hic
410 3397 504 3452 medio
527 3397 566 3452 W
588 3396 634 3450 hie
657 3396 688 3450 in
711 3397 775 3451 aedi
798 3397 920 3468 Scalipcr
1008 3396 1103 3450 senica
1126 3396 1164 3451 W

148 3485 291 3609 iregreqc'ac
368 3468 529 3524 sescunciae
551 3468 691 3524 Tarracius
714 3467 871 3524 sescuntiae
891 3469 1025 3523 F¹H¹L¹
1049 3484 1160 3522 sescun-

946 3630 998 3685 lt*
