2668 3904
188 149 254 214 344
512 147 652 203 DEOIMV
653 147 671 202 S
689 147 848 202 LABERIV
849 148 867 202 S

187 308 291 379 cupisti
312 307 425 378 augium
443 308 569 363 scindere
588 330 609 363 ω
628 325 664 362 an
683 307 870 378 concupiuisti
888 325 911 363 e.
930 308 1060 364 Scindere
1075 311 1198 366 Botlu'ue

253 380 399 434 Trocboeoa
426 381 561 434 inscendas
589 397 626 434 an
653 379 809 449 concupisti
836 379 950 450 arigium
975 380 1197 454 <per>sclndere

186 453 297 506 mitur
314 451 349 505 A.
364 451 455 507 Broclc
473 458 583 522 quoram
601 469 713 523 mamm.
733 451 956 522 (Dorpat.189l)
969 470 999 522 p.
1014 458 1063 506 152

625 671 757 730 coLAx

73 872 75 876 Ι
186 791 307 879 Figura
328 791 470 856 humana
491 790 592 856 m‘mio
615 791 728 856 ardore
750 790 933 877 ignoscitur.

186 931 365 1073 figurN’onius
380 935 468 1001 481,7
484 929 692 1000 ‘ignoscitur
705 947 756 1000 pro
769 930 898 1000 ignescit.
930 931 1064 986 Laberius
1080 930 1195 986 Colace:

260 1020 277 1057 a
304 1019 326 1057 e.
341 1020 368 1070 q.
383 1020 404 1056 s.

256 1109 362 1180 figurae
380 1109 520 1162 humanae
539 1108 656 1162 Botbr'ocs
722 1106 809 1161 nimio
828 1108 927 1162 ardore
946 1109 1064 1163 Botbiuc
1085 1107 1196 1161 inimici

185 1181 285 1262 arbore
302 1193 338 1250 ψ,
362 1187 453 1236 licetur
470 1181 533 1234 Bae
554 1177 631 1232 nimo
653 1178 748 1232 nelore
766 1179 858 1234 Palat.
883 1177 943 1232 uini
965 1179 1064 1234 ardore
1085 1181 1154 1235 coni.
1170 1195 1195 1233 o:

185 1252 273 1306 ammi
291 1252 412 1306 candore
429 1252 533 1306 conicio

569 1470 806 1531 OOLORATOB

256 1587 429 1644 Conomros:
453 1588 487 1642 cf.
507 1587 547 1642 IN
567 1593 637 1642 4260
660 1587 843 1656 Calliroe,
864 1592 896 1640 21
916 1586 961 1657 (of.
982 1590 1027 1658 27)
1046 1587 1090 1644 (ἕω
1117 1587 1195 1643 colo-

183 1661 262 1713 rator
280 1659 434 1732 στιλβωτής.

484 1768 593 1852 itaque
615 1767 680 1830 le'ui
702 1788 805 1850 prrma
828 1768 937 1832 coctus

186 1873 290 1940 Simul
312 1874 371 1938 sub
395 1873 505 1938 dentes
527 1873 670 1938 mulieris
692 1871 780 1958 ueni,
803 1872 853 1936 bis
876 1876 926 1938 ter
947 1874 1125 1939 memordit.

257 2011 364 2068 Gellius
382 2013 421 2066 VI
439 2012 511 2083 (Vll)
530 2019 555 2080 9,
573 2018 590 2066 4
615 2012 676 2066 ‘sed
694 2011 725 2077 Q.
745 2011 851 2066 Ennius
874 2012 904 2066 iu
928 2013 1030 2067 saturis
1052 2029 1195 2067 memor-

184 2083 276 2139 derit
299 2083 372 2138 dixit
393 2100 443 2154 per
461 2100 476 2138 e
494 2083 631 2152 litteram,
654 2100 711 2137 non
728 2083 917 2138 momorderit.
943 2127 969 2139 ..
987 2129 992 2138 .
1013 2085 1084 2138 Item
1102 2084 1195 2138 Labe-

184 2155 242 2210 rius
266 2155 296 2209 in
315 2154 404 2209 Gallis
429 2197 478 2210 ...
502 2155 573 2208 Item
590 2154 666 2208 idem
683 2153 818 2208 Laberius
836 2154 867 2207 in
885 2154 1059 2211 Coloratore:
1082 2154 1194 2224 iteque’

184 2243 207 2282 e.
223 2245 249 2296 q.
265 2244 285 2282 s.

136 2396 142 2406 Ι
255 2340 270 2387 1
290 2335 385 2387 coctus
403 2334 502 2402 scripsi
522 2333 668 2402 percoctus
687 2351 708 2384 ω
732 2330 813 2399 quasi
830 2333 975 2401 percoctus
993 2333 1055 2387 Boe

564 2569 809 2630 OOMPITALIA

678 2694 693 2751 I

184 2848 190 2861 .
214 2800 299 2860 mino
322 2799 359 2860 tu
381 2795 510 2880 lentur,
532 2798 617 2859 nunc
639 2799 676 2858 tu
698 2816 816 2879 susque
839 2795 941 2879 deque
963 2794 1040 2859 fers:

129 2920 164 2969 30
182 2902 287 2967 Mater
309 2902 448 2967 familias
470 2906 527 2966 tua
548 2900 583 2967 1‘11
605 2902 688 2966 lecto
712 2902 845 2966 aduerso
869 2901 969 2988 sedet,

184 3009 301 3075 Seruos
324 3009 479 3074 sextantis
502 3007 605 3072 utitur
626 3008 757 3072 nefa'riis

183 3115 307 3181 Verbis.

254 3236 360 3291 Gellius
379 3236 443 3291 xvi
462 3241 486 3304 9,
505 3242 522 3289 4
543 3234 695 3304 ‘significat
714 3238 808 3290 autem
827 3252 952 3304 susque
973 3235 1082 3304 deque
1101 3235 1192 3290 ferre

183 3307 277 3362 animo
301 3323 389 3375 aequo
413 3322 474 3360 esse
498 3308 527 3359 et
549 3306 624 3374 quod
644 3306 747 3360 accidit
769 3323 826 3360 non
846 3307 944 3377 magni
986 3307 1087 3361 endere
1105 3309 1192 3376 atque

181 3377 323 3431 interdum
345 3377 493 3447 neglegere
516 3379 545 3430 et
569 3379 745 3432 contemnere
772 3379 801 3432 et
824 3326 1026 3448 propemolm
1050 3377 1081 3431 id
1103 3377 1192 3447 ualet,

182 3448 265 3546 quod,
283 3449 386 3502 dicitur
409 3447 514 3502 Graece
542 3447 726 3518 ἀδιαφορεῑν,.
759 3448 894 3502 Laberius
919 3449 950 3502 in
973 3448 1189 3518 Compitalibus:

180 3535 255 3572 nunc
282 3535 304 3573 e.
320 3537 346 3587 q.
362 3537 382 3573 s.
