2668 3904
353 157 512 214 DECIMVS
531 157 711 212 LABERIVS
747 157 927 212 VALERIVS
1011 174 1014 180 '
1080 157 1143 220 367

599 378 682 436 XXV

136 463 242 528 obiter
322 543 324 547 Ι

209 583 350 638 Charisius
373 601 400 652 p.
417 588 466 636 187
489 583 520 638 Ρ.
546 583 670 637 ‘obiter
698 581 780 636 diuus
803 582 963 636 Hadrianus
990 599 1147 637 sermonum

136 654 418 780 tlrlltqlllltull
435 653 642 779 {trust
663 671 847 793 tulmlulm’
870 653 974 723 ianl’
998 655 1073 723 md
1093 655 1146 708 u·

591 946 690 1004 XXVI

206 1064 317 1131 Cicero
344 1066 385 1130 ed
411 1065 485 1129 fam.
504 1063 568 1130 VII
598 1065 636 1128 11
643 1116 652 1150 ,
675 1065 696 1128 2
729 1062 895 1152 (Trebatio
919 1087 945 1130 a.
969 1064 1047 1152 701)
1076 1064 1147 1129 ‘sed

137 1174 217 1238 heus
244 1177 294 1258 tu,
318 1173 396 1257 quid
424 1171 515 1258 agis?
551 1171 665 1256 ecquid
691 1172 752 1236 fit?
787 1172 881 1236 uideo
910 1173 996 1237 enim
1022 1175 1055 1236 te
1082 1172 1147 1236 iam

137 1280 236 1344 iocari
263 1301 321 1364 per
347 1279 472 1343 litteras
500 1331 506 1343 .
530 1330 537 1342 .
562 1329 569 1343 .
593 1326 600 1344 .
627 1278 656 1342 si
683 1279 747 1342 cito
774 1283 807 1342 te
834 1279 1010 1363 rettuleris,
1042 1300 1146 1343 sermo

137 1386 247 1450 nullus
271 1386 346 1471 erit3
373 1386 401 1450 si
424 1385 545 1449 diutius
566 1385 686 1448 frustra
709 1385 840 1470 afueris,
867 1407 933 1450 non
960 1385 1055 1450 modo
1080 1385 1148 1449 La-

139 1490 301 1576 berium,
329 1491 384 1556 sed
406 1492 504 1555 etism
526 1490 668 1556 sodalem
690 1495 837 1555 nostrum
860 1490 1052 1556 Valerium
1078 1514 1148 1577 per·

139 1599 282 1663 timesco,
327 1599 410 1662 mire
433 1598 517 1662 enim
542 1619 706 1682 persona.
732 1597 840 1662 induci
867 1602 974 1682 potest
996 1599 1148 1664 Britan-

137 1705 216 1770 nici
246 1706 330 1770 iure
359 1704 535 1770 consulti.
581 1704 660 1768 haec
687 1727 747 1790 ego
775 1727 841 1769 non
867 1705 970 1791 rideo,
1000 1706 1148 1790 quemuis

138 1817 175 1876 tu
193 1813 311 1899 rideas3
334 1812 389 1877 sed
408 1811 445 1876 de
464 1833 498 1875 re
517 1811 718 1876 seuerissime
736 1814 851 1897 tecum,
869 1815 907 1876 ut
925 1812 1021 1898 soleo,
1039 1813 1148 1878 iocor'

139 1917 186 1983 cf.
207 1919 257 2005 10,
278 1919 305 1983 1.

457 2261 827 2348 VALERIVS

212 2427 362 2496 Virum,
386 2426 446 2481 iure
465 2427 608 2481 consultus
627 2431 657 2482 et
674 2427 814 2482 Ciceronis
832 2427 994 2497 familiaris,
1016 2445 1099 2497 quem
1117 2432 1150 2483 ut

140 2497 292 2552 Laberium
322 2497 423 2552 mimos
456 2497 599 2567 scripsisse
627 2498 754 2553 evincere
781 2498 913 2553 videntur
940 2498 1079 2554 Ciceronis
1112 2500 1149 2554 ad

140 2569 356 2638 fem.VH11,2
375 2569 462 2623 verba
480 2569 563 2624 modo
581 2569 707 2624 laudata.
734 2569 872 2624 Dixerunt
886 2570 921 2624 de
937 2586 970 2624 eo
985 2570 1149 2625 Schwabius

140 2643 249 2710 quaest.
265 2639 366 2694 Getull.
382 2647 415 2694 25
426 2657 475 2709 sq.‚
495 2643 524 2694 et
537 2640 568 2694 R.
580 2640 735 2696 Schoellius
749 2641 820 2710 legis
834 2641 886 2694 XII
899 2641 978 2696 tubb.
992 2642 1052 2697 rell.
1067 2661 1093 2712 p.
1106 2647 1148 2712 38,

141 2712 175 2766 cf.
195 2713 341 2781 praeterea
360 2711 454 2766 coroll.
468 2712 638 2768 LXXXVIII.

555 2949 737 3010 PHORMIO

211 3067 336 3121 Promo
360 3067 454 3120 utrum
476 3065 598 3136 palliata
620 3066 706 3120 fuerit
729 3069 757 3120 et
776 3067 811 3120 ab
832 3067 888 3122 clio
907 3068 1001 3123 nescio
1020 3086 1075 3137 quo
1094 3069 1150 3123 Ve-

140 3137 210 3192 leric
230 3138 307 3192 fecta
326 3155 363 3191 un
380 3137 463 3190 huius
477 3137 585 3192 Valerii
600 3137 710 3206 mimus,
730 3154 796 3192 sune
815 3137 960 3209 incertum,
980 3157 1151 3208 quamquem

141 3207 226 3263 titulo
245 3208 307 3279 ipso
326 3207 427 3262 mimus
446 3210 521 3263 certe
539 3225 596 3262 non
614 3208 779 3263 excluditur.

142 3334 226 3411 Quid
248 3335 302 3400 hic
325 3357 397 3400 curn
421 3336 552 3422 tragicis
575 3336 676 3400 uersis
700 3340 732 3400 ct
754 3337 861 3420 syrmd
883 3337 984 3401 fecis?

211 3456 371 3511 Priscianus
389 3475 416 3528 p.
432 3463 483 3512 679
502 3458 531 3512 P.
551 3456 691 3511 ‘Valerius
709 3457 739 3510 in
752 3457 933 3514 Phormione:
952 3457 1031 3526 quid’
1048 3473 1070 3512 e.
1086 3475 1112 3526 q.
1128 3477 1150 3514 s.

142 3527 207 3596 ‘pro
235 3529 403 3596 syrmate!
441 3529 520 3582 Idem
541 3546 567 3597 p.
585 3533 635 3582 712
653 3528 683 3582 P.
709 3528 815 3583 ‘uersi
839 3546 950 3598 quoque
972 3546 1022 3600 pro
1044 3545 1151 3584 uersus.
