2684 3908
293 146 322 200 L.
342 145 552 200 POMPONIVS
571 146 814 202 BONONIENSIS
851 148 987 203 NOVIVS
1083 149 1146 213 307

138 304 342 403 untn'niteten
365 308 398 359 ut
419 306 625 375 Pomponius
648 310 766 361 noster
789 324 839 361 suo
857 307 917 361 iure
935 307 1026 378 possit
1044 307 1148 364 dicere:

138 395 195 430 n1s1
226 393 248 431 e.
265 394 290 444 q.
307 395 328 430 s.

613 507 679 567 IX?

139 608 277 686 Quidem
297 609 374 674 adeo
393 611 427 674 in
445 609 585 674 latebrs‘ts
602 610 765 696 fugerunt,
783 615 821 674 ut
835 614 951 695 putent
969 612 1003 675 in
1019 613 1149 678 turbido

135 715 226 781 ‘Esse
250 715 407 801 quidquid
429 718 478 780 est
501 717 535 780 in
557 717 636 780 luce.

209 839 316 893 Seneca
334 837 414 906 epist.
433 843 458 905 3,
477 843 493 890 6
514 837 625 905 ‘Itaque
644 837 698 891 hoe
716 837 792 906 quod
816 838 905 907 apud
928 839 1149 908 Pomponium

138 910 204 980 legi,
224 909 317 964 animo
336 907 530 963 mandabitur:
550 908 676 977 quidam’
692 925 715 963 e.
731 926 756 977 q.
773 927 794 964 s.

209 1021 223 1068 1
243 1015 376 1085 fugerunt
394 1016 477 1070 Bera.
503 1014 680 1084 effungerunt
698 1015 759 1069 zat.
783 1013 976 1084 transfugiunt
998 1016 1084 1070 Vatt'a.
1104 1037 1149 1086 ap

137 1087 230 1141 Palat.
244 1087 324 1142 Alea.
342 1087 427 1142 Ottob.
447 1085 612 1156 refugerunt
630 1089 694 1142 bani
711 1103 802 1141 antaee
823 1085 951 1156 refugere
969 1087 1096 1142 Haasa'as

135 1157 213 1226 turpi
235 1157 297 1211 loeo
317 1158 378 1212 nrt.
470 1163 486 1209 2
509 1157 540 1210 in
563 1157 625 1211 luce
648 1159 692 1211 est
714 1178 749 1226 ω,
775 1160 932 1226 transposui
955 1175 1017 1212 eam
1039 1159 1148 1213 Haasa'o

191 1229 258 1284 Noa
276 1228 427 1284 Atellania
441 1236 536 1298 poetae
555 1230 670 1296 ainwa,
691 1231 738 1283 sect
755 1245 789 1284 ea
803 1230 959 1298 philosophi
976 1231 1049 1284 aetat
1067 1229 1147 1284 Pom·

132 1302 203 1370 pani
225 1299 345 1355 Secwada'
367 1302 405 1355 ad
430 1301 577 1355 Ittraseam
602 1302 671 1354 libra
694 1302 880 1369 depromptam
902 1302 1063 1355 sententiam
1082 1317 1147 1371 paa-

134 1373 239 1426 eas‘eam
257 1388 310 1426 esse
327 1389 403 1426 nane
421 1373 466 1441 (ef.
481 1371 571 1426 conell.
586 1370 735 1440 LXXXIII)
752 1373 807 1426 att
821 1373 961 1440 persuasit
979 1372 1041 1426 Bae

619 1575 662 1633 XI

136 1658 269 1723 dicteria

206 1777 366 1833 Macrobius
385 1778 443 1833 Set.
461 1779 487 1832 Π
507 1786 530 1849 1,
546 1786 579 1834 14
599 1779 718 1834 ‘Nouius
737 1796 804 1834 uero
823 1779 1050 1849 Pomponiusque
1069 1779 1146 1834 iocos

133 1867 191 1905 non
209 1867 272 1904 raro
292 1849 441 1904 dicteria
459 1851 627 1906 nominant!
648 1850 779 1921 (neuius
798 1851 907 1922 Bemb.)

610 2055 669 2114 XII

135 2137 298 2201 munaidus
1146 2156 1197 2204 195

206 2259 380 2330 Augustinus
396 2260 430 2313 de
445 2258 497 2314 civ.
513 2259 559 2314 dei
572 2259 612 2313 IV
627 2265 660 2313 16
677 2260 770 2313 ‘deam
783 2259 928 2328 Murciam,
948 2275 1020 2328 quae
1033 2261 1146 2328 praeter

134 2331 250 2385 modum
271 2348 328 2384 non
346 2333 472 2385 moueret
490 2347 524 2385 ae
546 2331 651 2385 feceret
673 2330 828 2399 hominem,
851 2333 884 2384 ut
906 2329 949 2384 uit
965 2329 1144 2399 Pomponius,

135 2401 337 2470 murcidum,
356 2402 387 2456 id
405 2405 449 2456 est
465 2401 549 2455 nimis
568 2401 741 2456 desidiosum
760 2405 789 2456 et
806 2401 1002 2456 inactuosum?

492 2715 528 2799 N
551 2715 583 2800 0
601 2715 636 2800 V
657 2717 677 2798 Ι
699 2716 734 2802 V
757 2714 783 2800 S

535 2905 740 2966 neuluonn

203 3025 301 3093 Neque
321 3022 461 3094 ’Ἀγροικος
483 3023 530 3077 vel
550 3021 687 3094 ’Ἀγροικοι
713 3040 804 3092 neque
827 3021 951 3094 Γεωργοί
974 3023 1143 3078 Graecorum

133 3096 189 3150 hue
206 3095 357 3166 pertinent.

631 3227 647 3285 Ι

132 3329 459 3416 Edep61,peternem
483 3329 542 3414 qus
562 3332 683 3393 comest
705 3329 873 3413 pecuniam

202 3451 311 3505 Nonius
326 3457 369 3520 81,
384 3457 418 3505 24
434 3451 574 3508 ‘comest
586 3467 636 3520 pro
651 3449 793 3504 eomedit.
810 3495 816 3505 .
831 3450 961 3506 ..Nouius
975 3449 1141 3506 Fullonibus

131 3522 241 3578 feriatis
261 3523 297 3596 [I]
315 3521 391 3576 idem
410 3521 553 3592 Agricola:
573 3521 684 3591 edepol'
700 3537 723 3576 e.
739 3539 765 3590 q.
781 3539 801 3577 s.

826 3661 828 3665 .
928 3613 981 3666 20*
