2668 3904
586 192 759 246 ANONYMI

500 415 843 502 ANONYMI

624 590 731 650 TABA

238 709 348 775 dicero
372 711 412 774 aa
432 707 500 774 Aa.
514 673 535 773 Ἰ
562 710 673 796 16,13
697 709 839 774 ‘uidesne
862 709 1065 774 conantum
1088 711 1182 775 inum

169 821 328 901 nostrum,
351 837 445 900 quem
466 814 563 880 Curio
587 819 680 880 antea
699 815 890 882 ἀποθέωσιν
912 815 1059 904 uocabat,
1082 818 1110 881 si
1128 817 1182 882 hio

170 924 274 988 faetus
297 924 371 1006 erit,
394 922 532 986 Fabam
555 922 708 986 mimum
730 922 916 986 futurumi'

242 1046 348 1100 Seneca
367 1044 508 1113 apoeoloo.
529 1049 545 1096 9
570 1043 662 1111 ‘olim‚
688 1042 794 1112 inquit,
819 1061 989 1114 magnares
1013 1047 1075 1099 erat
1098 1045 1182 1099 deum

171 1117 239 1185 fieri,
258 1116 316 1170 iam
330 1115 454 1169 famam
469 1114 585 1168 mimum
604 1113 732 1169 fecistis!
762 1115 831 1169 Cum
849 1115 925 1184 apud
943 1117 1092 1184 utrumque
1111 1118 1182 1170 ἀπο-

170 1190 299 1250 θεώσεως
316 1186 422 1240 mentio
438 1186 496 1254 fiat,
516 1189 711 1255 argumentum
729 1185 808 1239 mimi
822 1185 869 1240 vix
884 1186 963 1240 aliud
981 1185 1068 1240 fuisse
1086 1191 1182 1256 potest

171 1276 256 1328 quam
277 1257 447 1339 Pythagorei
470 1258 505 1310 de
527 1257 696 1326 mignatione
721 1256 831 1311 animae
855 1257 996 1327 dogmatis
1017 1261 1180 1328 praecepto·

171 1346 287 1398 rumque
302 1330 338 1382 ad
352 1332 458 1382 vretum
475 1327 677 1398 pertinentium
690 1327 787 1382 inrisio
802 1328 878 1398 (hist.
891 1345 966 1398 poes.
976 1329 1056 1384 Rom.
1068 1329 1095 1383 1¹
1110 1337 1181 1392 226).

171 1401 265 1455 Fabae
279 1399 436 1454 reverentia
451 1402 587 1468 quantam
601 1399 712 1453 ridendi
730 1399 878 1453 materiam
895 1399 1065 1469 praebuerit,
1084 1417 1182 1454 eausa-

171 1490 233 1524 rum
256 1470 358 1539 quibus
382 1469 556 1525 abstinentia
579 1470 639 1524 eius
660 1487 683 1524 e.
704 1487 726 1524 e.
745 1469 775 1522 in
793 1471 941 1540 Porphyrii
959 1470 1020 1525 vita
1043 1488 1066 1526 e.
1080 1477 1115 1524 44
1137 1472 1183 1524 fir-

171 1545 265 1598 matur
290 1541 404 1611 ineptiis
433 1541 502 1596 satis
530 1541 697 1596 declaratur.
738 1541 850 1595 Novam
873 1558 962 1611 nuper
987 1541 1184 1599 ariolationem

171 1612 303 1668 inanibus
323 1615 493 1667 exstructam
512 1612 684 1682 argumentis
702 1629 752 1682 pro
772 1615 849 1666 certa
867 1612 996 1666 vendidit
1012 1613 1062 1667 Th.
1073 1613 1135 1668 Birt
1153 1613 1183 1666 in

172 1683 306 1738 Dieteriei
324 1683 482 1737 Puleinella
496 1689 546 1737 277
558 1701 597 1752 sq.
618 1684 732 1752 eiusque
752 1683 901 1738 adsensum
919 1683 987 1738 tulit
1005 1702 1031 1754 p.
1047 1690 1089 1738 91.
1123 1683 1183 1738 Nee

172 1755 304 1810 fatuum
318 1754 452 1810 mimum
465 1755 562 1825 probo,
577 1756 653 1824 quod
663 1755 733 1810 Ο.Ε.
743 1755 870 1808 Schmidt
879 1754 1021 1826 Philologi
1030 1774 1056 1810 n.
1066 1756 1120 1810 sX
1132 1762 1184 1810 554

171 1826 325 1896 proposuit.

513 1974 843 2036 LASIIRPIOIARIVS

238 2095 409 2160 Petronius
432 2118 457 2159 o.
477 2095 519 2160 35
544 2095 652 2180 ‘atque
680 2095 748 2179 ipse
776 2096 873 2159 etiam
899 2097 1082 2161 taeterrima
1105 2118 1185 2160 uoee

174 2202 211 2267 de
233 2202 465 2296 Laserpiciario
489 2203 587 2266 mimo
612 2203 804 2266 canticum
828 2203 984 2267 extorsit?

612 2418 746 2479 TVTOR

245 2519 285 2575 cf.
305 2537 386 2574 anon.
405 2519 481 2573 mim.
500 2517 621 2573 Ill-VI.

243 2629 354 2694 Cieero
383 2629 421 2694 de
449 2627 583 2695 oratii
611 2629 667 2714 64,
692 2627 755 2692 259
785 2629 862 2693 ‘non
889 2629 1046 2693 insulsum
1073 2631 1187 2716 genus'

176 2734 332 2824 (ridiculi)
356 2736 407 2800 ‘ex
431 2757 481 2820 eo,
508 2757 580 2800 oum
604 2736 644 2799 ad
666 2735 816 2820 uerbum,
844 2757 909 2800 non
932 2735 973 2799 ad
994 2737 1188 2802 sententiam

174 2866 243 2907 rem
273 2843 415 2928 eoeipere
444 2843 587 2928 uideare,
620 2864 659 2906 ex
687 2863 751 2926 quo
781 2864 846 2906 uno
876 2863 992 2928 genere
1021 2847 1110 2908 totus
1140 2847 1189 2908 est

176 2949 287 3036 Tutor,
309 2950 427 3014 mimus
450 2931 554 3014 uetus
567 2949 686 3034 oppido
709 2948 884 3013 ridiculus?

544 3168 663 3227 Anivs
686 3167 813 3226 MIMVS

248 3283 348 3338 onris
374 3287 469 3354 partes
495 3284 660 3354 Thymelen,
689 3282 784 3338 mariti
812 3281 976 3337 Corinthum
1004 3283 1096 3353 egisse
1124 3298 1191 3336 eon-

177 3353 306 3422 legerunt
329 3371 363 3408 ex
386 3356 526 3410 Iuvenalis
549 3357 609 3410 VIII
628 3362 678 3409 197
704 3356 833 3408 ‘mortem
856 3354 896 3408 sio
919 3353 1069 3423 quisquam
1091 3354 1190 3408 exhor-

177 3423 247 3492 ruit,
275 3428 307 3479 ut
335 3425 372 3479 sit
397 3425 547 3496 Zelotypus
571 3426 733 3495 Thymeles,
763 3425 870 3494 stupidi
896 3426 1005 3496 collega
1028 3424 1189 3482 Corinthit’

179 3493 308 3547 Ceterum
326 3496 360 3550 ef.
377 3496 489 3550 Horatii
503 3501 555 3552 sat.
571 3497 635 3565 117,
651 3503 684 3550 59
700 3515 740 3565 sq.
760 3496 899 3551 Martialis
914 3498 927 3551 I
944 3505 969 3564 4,
984 3503 1001 3550 5
1019 3497 1102 3566 1172,
1118 3504 1133 3551 3
1148 3515 1191 3566 sq.

178 3564 356 3634 V61,11sq.
376 3569 405 3620 et
422 3567 496 3622 inira
515 3568 546 3622 fr.
562 3567 684 3622 XXXIV.
