2686 3910
196 173 259 237 144
366 171 416 226 EX
433 171 599 227 lucraris
618 170 858 226 INOERTORVM
876 170 1029 226 FABVLIS

295 400 298 406 ,
405 405 408 411 ,
636 339 764 399 XLVIII

141 457 175 505 ot
220 447 223 452 '
674 497 677 504 .
708 440 817 506 Lrberi
840 439 973 506 bellaria

266 562 373 617 Gellius
392 561 457 616 XIH
475 568 518 630 11,
538 567 553 615 7
574 561 653 616 ‘uina
675 578 786 631 quoque
810 561 937 616 dulciora
960 564 1004 616 est
1025 560 1151 616 inuenire
1175 560 1205 614 in

195 633 346 689 comoediis
366 631 571 702 antiquioribus
589 633 643 686 hoc
660 633 773 688 nomine
790 633 935 704 appellata
949 632 1081 702 dictaque
1096 648 1156 687 esse
1171 649 1206 686 ea

194 704 311 759 Liberi
328 703 498 758 bellaria)

650 819 746 877 XLIX

7 980 41 1012 l„
143 923 213 995 6611
225 919 370 988 Clitellas
394 919 472 985 boui
489 923 566 985 sunt
583 920 755 1005 inpositae:
777 919 885 1004 plane!
908 941 974 987 uon
991 923 1041 984 est
1058 920 1205 984 ndstrum

885 1047 975 1090 onus.

266 1148 361 1204 Cicero
385 1147 465 1218 epist.
487 1148 524 1201 ad
541 1147 599 1202 Att.
619 1147 645 1202 V
664 1153 699 1201 15
719 1148 773 1202 ‘est
791 1147 969 1216 incredibile,
991 1163 1077 1216 quam
1094 1162 1138 1200 me
1157 1163 1206 1200 ne-

194 1220 267 1290 gotii
285 1220 407 1275 taedeat.
436 1219 500 1272 Non
514 1219 602 1274 habet
620 1217 690 1273 satis
708 1235 843 1288 magnum
861 1235 990 1288 campum
1008 1217 1057 1271 ifle
1076 1216 1130 1271 tibi
1148 1233 1206 1274 non

195 1293 308 1362 ignotus
323 1307 419 1345 cursus
439 1289 525 1344 animi
544 1292 572 1344 et
590 1289 746 1344 industriae
762 1305 842 1344 meae
855 1289 1001 1360 praeclara
1015 1304 1100 1358 opera
1113 1291 1206 1342 cessat

197 1407 202 1416 .
219 1406 225 1417 .
241 1407 247 1417 .
263 1405 268 1416 .
285 1361 458 1416 clitellae’
479 1377 502 1414 6.
513 1379 539 1429 q.
550 1379 571 1416 s.
597 1361 658 1414 ‘sed
675 1360 816 1414 feremus?
840 1359 1004 1416 Ammianus
1023 1358 1203 1414 Marcellinus

196 1432 260 1486 XVI
278 1438 303 1500 t,
323 1437 339 1486 9
359 1433 435 1485 ‘cum
458 1447 584 1486 exercere
606 1431 738 1500 proludia
760 1431 927 1504 disciplinae
945 1429 1095 1486 castrensis
1113 1429 1206 1499 philo-

196 1503 300 1572 sophus
320 1505 466 1572 cogeretur
484 1505 516 1556 ut
532 1502 676 1572 princeps,
702 1505 846 1572 artemque
864 1501 1036 1557 modulatius
1056 1501 1207 1556 incedendi

195 1590 245 1644 per
272 1571 432 1643 pyrricham
459 1573 671 1628 concinentibus
699 1573 820 1628 disceret
846 1573 961 1643 fistulis,
988 1565 1206 1630 uetus·iillud

195 1643 427 1714 prouerbium:
462 1643 621 1698 clitellae
648 1644 730 1698 boui
757 1646 837 1699 sunt
863 1644 1061 1714 impositae,
1089 1643 1204 1712 planet

196 1733 262 1770 non
280 1718 332 1769 est
350 1717 504 1769 nostrum
523 1732 604 1770 onus
623 1715 771 1770 Platonem
787 1715 884 1772 crebro
898 1715 1047 1772 nominans
1066 1714 1205 1768 exclama-

196 1787 267 1841 bat’
306 1784 495 1850 Quintilianus
514 1785 540 1839 V
559 1791 601 1854 11,
620 1791 653 1839 21
675 1787 842 1858 *παροιμίας
859 1803 947 1858 genus
966 1785 1046 1856 illud,
1068 1785 1144 1854 quod
1163 1788 1206 1839 est

196 1857 276 1911 uelut
285 1855 392 1910 fabella
400 1855 512 1910 breuior
522 1859 551 1910 et
559 1873 609 1926 per
619 1857 784 1926 allegoriam
793 1857 944 1928 accipitur:
959 1875 1024 1912 non
1038 1859 1205 1924 nostrum,

195 1927 297 1996 inquit,
313 1945 409 2008 onus¹
423 1927 484 1982 bos
499 1927 675 1983 clitellas!
694 1928 821 1984 Pertinet
835 1929 872 1982 ad
884 1927 1096 2000 proverbiorum
1108 1943 1205 1998 genus,

196 1998 272 2067 quod
291 1997 425 2068 exemphs
443 2000 509 2069 post
526 1997 682 2068 Hauptium
700 2015 794 2069 opusc,
807 1999 834 2054 11
848 2005 900 2054 395
914 1998 1078 2054 inlustravit
1098 1997 1128 2054 Ο.
1140 1997 1207 2052 Cru-

197 2070 255 2125 sius
273 2087 344 2124 mus.
363 2070 451 2126 Eheu.
471 2076 514 2138 44,
533 2076 594 2126 448.
612 2075 666 2125 459
682 2087 724 2139 sq.

268 2177 457 2246 Septenarium
475 2177 695 2232 66116111611Β66
713 2175 790 2232 Ocni.
809 2177 873 2233 Lat.
890 2182 922 2232 17
982 2177 1068 2248 plane
1082 2175 1205 2230 Ammia-

194 2265 261 2316 nus,
284 2247 356 2318 quod
381 2245 477 2316 ‘plana
496 2249 524 2302 et
543 2245 687 2316 aequabili
704 2246 764 2316 uia,
787 2247 873 2318 plano
897 2249 1008 2318 gressu’¹
1029 2250 1206 2317 interpretor.-

191 2320 306 2388 'iusolito
323 2334 403 2373 outre
417 2320 507 2389 pressi
525 2319 600 2374 bocer
618 2335 675 2374 ooo
692 2335 719 2375 ee
737 2321 794 2374 uisi
811 2319 919 2376 16111661
937 2321 1071 2376 moderate
1085 2317 1206 2374 incedere

193 2406 272 2460 posse
289 2390 417 2444 clamant.
454 2388 541 2444 illane
560 2389 636 2446 Med.
655 2405 723 2446 corr.
743 2389 794 2444 illa
811 2408 847 2445 m.
863 2409 907 2461 pr.

690 2556 714 2616 L

198 2657 296 2735 Quasi
314 2656 384 2740 <si>
402 2677 523 2720 messor
545 2659 603 2741 per
625 2657 754 2721 messim
777 2680 877 2722 unum
901 2660 1059 2743 quc‘mque
1082 2659 1206 2742 spicum

889 2764 1020 2851 collegit

268 2884 367 2937 Festus
391 2899 418 2951 p.
437 2888 489 2936 333
507 2884 544 2939 Μ,
573 2884 718 2955 ‘spicum
744 2883 898 2938 masculine
926 2885 1037 2954 antiqui
1065 2885 1206 2955 dicebant,

193 2951 469 3101 ptlgnsuiqoesttilrppm
492 2958 521 3010 et
543 2956 616 3010 hanc
644 2972 761 3012 amnem.
799 2972 918 3010 uersus
947 2959 999 3011 est
1027 2955 1207 3024 antiquus:

196 3137 233 3200 W
268 3155 318 3208 per
335 3135 449 3194 messim
467 3135 517 3190 dul.
536 3151 557 3189 c
574 3136 606 3189 de
624 3151 702 3192 cereo
718 3134 777 3192 Sat.
797 3139 840 3203 81,
859 3141 891 3191 ut
908 3137 1034 3192 secururs
1050 3135 1151 3192 evadet

195 3208 398 3279 collegatos,
417 3209 435 3262 1.
454 3223 476 3262 e.
495 3204 605 3274 colligit
1069 3225 1071 3230 ·

651 3336 653 3340 '
680 3319 721 3380 LI

193 3423 278 3502 ¹Tam
300 3425 385 3508 perit
408 3446 505 3510 quam
528 3423 670 3488 extre‘ma
691 3419 766 3486 faba
790 3472 982 3486 .......
1054 3432 1058 3438 ’

270 3543 370 3598 Festus
393 3563 419 3614 p.
441 3549 491 3600 363
510 3543 547 3597 M.
569 3543 652 3596 ‘tam
673 3541 765 3612 perit
787 3560 886 3611 quam
905 3546 1057 3598 extrema
1074 3543 1155 3598 faba
1173 3542 1209 3598 in
