2668 3904
189 150 254 215 366
514 149 674 204 Ducnuvs
692 145 872 204 LABERIVS

191 309 410 364 tesbitrahus.
448 309 566 365 Graece:
592 307 859 381 ἀνακαμκφικέρατος
885 303 1011 380 ἔριόθριξ
1034 309 1203 381 degenerique.

189 381 229 437 cf.
248 381 346 434 Aries
365 380 473 435 mimus.

660 567 731 626 XXI

255 687 473 752 Tertrfflianus
496 687 622 773 apolog.
646 685 689 751 48
718 687 788 773 ‘age
816 686 894 772 ianr,
921 687 954 751 si
982 688 1047 772 qui
1074 687 1202 772 philo—

189 794 331 879 sophus
363 794 561 879 adfirmet,
596 797 634 857 ub
666 793 712 858 aib
743 792 898 858 Laberius
930 793 973 858 de
1005 796 1201 860 sentenbia

188 901 445 988 Pythagorae,
470 901 659 965 hominem
683 899 775 964 fieri
799 922 843 964 ex
864 900 981 986 mulo,
1003 901 1200 966 colubram

188 1030 233 1072 ex
259 1007 434 1092 muliere,
462 1011 495 1071 eb
521 1007 555 1071 in
578 1029 648 1071 eam
672 1007 856 1092 opinionem
879 1007 987 1072 omnia
1012 1012 1201 1094 argumenta

188 1115 309 1199 eloquii
337 1115 458 1178 uirium
485 1114 677 1198 distorserib,
705 1135 811 1178 nonne
838 1135 1027 1181 eonsensum
1054 1114 1201 1180 monebit

189 1224 222 1285 ei
244 1221 340 1286 fidem
367 1222 481 1308 infiget
508 1221 605 1286 eiiam
628 1221 668 1284 ab
697 1219 889 1284 animalibus
916 1219 1097 1286 abstinendi
1126 1244 1199 1306 pro-

188 1328 319 1411 pterea?
354 1350 541 1413 persuasum
565 1328 637 1412 quis
660 1327 790 1413 habeat,
813 1349 852 1392 ne
874 1327 959 1392 ferte
982 1327 1137 1392 bubulam
1161 1328 1199 1393 de
1314 1321 1317 1326 ¹

190 1434 298 1517 aliquo
322 1456 444 1518 proauo
468 1457 526 1500 suo
550 1433 723 1499 obsonet?
761 1432 808 1498 Of.
830 1433 958 1500 Cancer.

262 1573 407 1626 Senarium
430 1573 478 1627 sie
501 1573 557 1643 (vel
576 1573 635 1642 ait)
658 1573 827 1628 heminem
849 1571 932 1627 fieri
956 1590 994 1628 ex
1016 1574 1120 1644 mulo,
1144 1592 1198 1628 eo·

190 1643 323 1697 lubram
346 1661 384 1698 ex
406 1644 548 1698 muliere
567 1644 679 1699 notavit
696 1646 755 1699 Bue

650 1884 736 1942 XXII

139 1986 189 2034 155
201 1965 401 2051 [dextrabus]

235 2134 238 2140 ·
262 2105 369 2161 Nonius
393 2111 454 2175 493,
474 2113 506 2160 19
532 2107 731 2161 ‘dextrabus
758 2123 809 2176 pro
836 2107 964 2163 dexteris.
1005 2107 1142 2162 Laberius
1169 2109 1199 2162 in

192 2176 316 2232 Odissia:
343 2178 432 2246 deque
455 2177 585 2232 manibus
609 2179 780 2233 dextrabus!
818 2179 876 2232 Aut
897 2179 1015 2233 Livius
1042 2197 1105 2234 eum
1126 2181 1198 2234 Ben-

191 2247 251 2302 tino
266 2249 443 2303 scribendum
457 2252 507 2303 aut
525 2249 628 2304 lacuna
645 2250 796 2304 statuenda
812 2249 896 2303 huius
910 2250 1000 2306 modi:
1021 2251 1198 2305 ‘Laberius

193 2319 381 2374 ...Liuius
399 2321 434 2374 in
454 2320 601 2375 Odissia'
618 2338 641 2375 e.
657 2338 683 2388 q.
699 2339 719 2375 s.

577 2601 583 2618 ‚
645 2543 746 2601 xxm

192 2623 318 2690 sobrior

264 2745 406 2800 Charisius
429 2764 456 2815 p.
472 2751 505 2826 ⁶5²
529 2746 558 2800 P.
583 2745 717 2828 esebrius,
741 2746 817 2814 quod
839 2763 942 2828 nemen
964 2747 1121 2830 comparari
1144 2767 1201 2804 non

193 2818 284 2872 debeb.
331 2833 422 2886 neque
449 2833 524 2870 emm
551 2817 659 2871 sobnor
684 2833 775 2886 neque
806 2817 982 2872 sobnssrmus
1011 2819 1067 2874 dier
1096 2822 1201 2890 potest,

193 2888 322 2958 quamuis
340 2887 474 2942 Laberius
494 2887 628 2942 sobrior
647 2887 768 2942 dixerit)

648 3109 746 3167 XXIV

194 3195 285 3258 aluus

268 3315 409 3370 Charisius
435 3333 462 3384 p.
483 3321 515 3368 61
539 3315 568 3369 P.
604 3315 733 3368 ‘aluum
761 3313 901 3386 Vergilius
934 3315 1068 3370 feminino
1100 3331 1203 3387 genere

196 3403 278 3456 saepe
310 3387 394 3456 dixit,
428 3385 477 3439 sed
507 3385 662 3440 masculine
690 3385 793 3440 Caluus
910 3389 939 3441 eb
967 3387 1085 3441 Heluius
1113 3387 1204 3442 Cinna

196 3459 325 3582 ,0616erss
326 3456 480 3581 itI'i'aberius
512 3458 541 3510 eb
569 3456 670 3510 Aesius
702 3457 874 3526 frequenter,
906 3458 982 3526 quod
1013 3458 1104 3528 magis
1136 3477 1205 3513 usus
