2666 3914
185 168 230 232 54
402 195 405 202 ’
513 168 699 226 cnacmws
718 169 869 224 STATIVS

671 337 715 396 VI

185 435 314 503 tamti
336 439 405 503 sine
428 439 693 524 inussissent,
716 438 784 504 sine
807 439 970 504 nictentur
991 439 1132 524 perticis.

197 563 209 600 “-
255 559 354 613 Festus
373 579 400 629 p.
416 565 467 614 171
482 561 520 616 M.
541 560 690 616 ‘nictare
714 564 743 614 et
761 560 906 614 oculorum
924 563 953 614 et
971 559 1092 614 aliorum
1109 576 1197 614 mem-

183 630 298 684 brorum
319 630 383 684 nisu
406 647 490 701 saepe
513 631 622 701 aliqu
645 632 742 686 conari
764 631 872 686 dictum
894 634 938 685 est
960 631 998 685 ab
1017 631 1142 700 antiquis
1162 663 1197 672 -

184 699 322 756 Caecilius
339 701 371 756 in
388 702 541 772 Hymnide:
559 703 677 773 garruli’
698 720 722 758 e.
737 721 764 771 q.
779 721 800 757 s.

253 808 361 878 gamili
379 809 439 864 sinc
458 810 556 864 dentes
575 810 698 882 Scaliper
715 808 836 880 garrulis
854 809 998 864 medentes
1017 811 1074 865 cod.

662 959 722 1018 VH

183 1059 259 1126 Sine
281 1083 373 1126 suam
395 1063 592 1126 senectdtem
615 1061 711 1124 ducat
733 1065 835 1146 iisque
859 1061 899 1125 ad
921 1060 1047 1125 senium
1065 1059 1197 1124 s6rbilo.

252 1182 351 1237 Festus
374 1201 400 1252 p.
416 1187 468 1236 339
482 1181 519 1236 M.
546 1181 692 1234 ‘senium
720 1198 737 1235 a
765 1181 847 1236 senili
875 1181 1031 1236 acerbitate
1060 1183 1089 1235 et
1115 1179 1196 1236 uitiis

182 1253 290 1308 diotmn
306 1253 403 1324 posuit
420 1251 559 1308 Caecilius
577 1252 608 1306 in
625 1251 779 1322 Hymnide:
798 1252 869 1307 sine’
889 1269 912 1307 e.
928 1270 955 1320 q.
972 1271 992 1307 s.
1192 1277 1195 1282 ·

252 1361 301 1414 Aa
319 1362 479 1415 senectam?
492 1361 527 1428 of.
537 1377 562 1414 o.
573 1365 607 1413 28
643 1375 732 1428 usque
741 1360 885 1414 Basileios
897 1361 930 1413 irs
942 1359 1001 1414 Ter.
1010 1360 1056 1414 od.
1066 1357 1106 1412 IV
1115 1365 1140 1426 2,
1151 1363 1194 1428 52,

178 1433 307 1502 μοὺαυίι
319 1432 517 1487 lacrimandus
530 1433 562 1485 ia
575 1431 722 1486 11111250
741 1430 840 1499 utiquc
858 1431 929 1498 sorix,
947 1433 1053 1486 servari
1070 1431 1197 1486 solebant

184 1503 337 1558 cremeas
355 1503 439 1558 Asel.
455 1507 489 1556 82
512 1509 538 1558 et
555 1502 756 1558 Sotoemcsmas
778 1519 869 1572 opusc.
891 1503 969 1556 acad.
983 1501 1023 1555 IV
1038 1505 1089 1556 296
1144 1500 1195 1555 ad·

182 1590 280 1628 senum
293 1575 350 1630 eod.
401 1571 505 1627 sorbilo
519 1574 663 1629 Bentleias
681 1572 799 1628 sorbitio
813 1575 870 1630 cod.
891 1571 1030 1627 sonticum
1042 1572 1196 1628 &owenus

651 1723 726 1782 VIII

180 1823 354 1911 Prodigere
378 1829 423 1910 et,
446 1847 519 1890 oum
540 1825 590 1890 nil
612 1824 744 1912 hibeas,
767 1826 822 1890 ted
844 1824 979 1890 inridier
1013 1913 1016 1919 .

250 1945 350 2000 Festus
372 1965 399 2016 p.
414 1951 466 2000 229
480 1946 518 2000 Μ.
544 1945 774 2016 ‘prodegeris‚
798 1945 1003 2016 consumpseris
1028 1945 1194 2016 perdideris,

179 2019 212 2070 ut
230 2016 369 2071 Caecilius
388 2016 418 2070 in
435 2017 572 2087 Hymni:
590 2017 749 2088 prodigere’
771 2034 793 2072 e.
809 2035 835 2086 q.
852 2036 872 2074 s.

251 2125 280 2178 et
297 2125 396 2194 scripsi
418 2125 462 2178 est
479 2125 536 2179 cod.
595 2123 637 2176 nil
655 2125 775 2179 Bottias
796 2123 869 2178 nihil
887 2125 944 2180 cod.
1004 2123 1054 2178 ted
1076 2122 1195 2178 inridier

178 2195 288 2250 Neritis
308 2196 338 2249 te
360 2193 478 2249 inridier
499 2196 556 2250 cod.
581 2197 628 2266 (of.
648 2196 793 2252 Diomedes
811 2214 841 2266 p.
857 2201 909 2250 378
924 2196 968 2264 P.)
993 2197 1022 2249 te
1045 2193 1196 2249 inriderier

84 2267 86 2271 '
179 2265 318 2324 Dceerias
634 2325 635 2328 ,
665 2345 709 2404 IX

127 2428 296 2494 ⁷4¹nudius
319 2430 435 2494 tertius

250 2550 394 2607 Charisius
403 2569 430 2621 p.
440 2555 492 2604 185
500 2551 529 2606 P.
542 2549 681 2604 ‘nudius
695 2549 823 2604 tertius
838 2549 977 2604 Caecilius
991 2549 1193 2619 inHymnide.’

342 2717 683 2780 HYPOBOLHIAHVS
706 2719 768 2780 sive
792 2716 1031 2778 SVBDITIVOS

249 2835 291 2889 De
313 2833 397 2889 huius
419 2834 535 2890 fabulae
558 2836 723 2905 argumento
747 2833 938 2890 coniecturam
959 2833 1053 2899 facere
1071 2833 1140 2888 licet
1158 2851 1194 2889 ex

177 2905 312 2962 Varronis
326 2905 361 2960 de
374 2922 405 2960 re
418 2909 486 2961 rust.
496 2905 522 2959 H
533 2911 575 2975 11,
586 2911 618 2959 11
637 2905 700 2960 looo
720 2907 822 2974 ‘nequo
836 2922 894 2960 non
907 2905 1048 2974 quaedam
1061 2905 1193 2961 nationes

177 2977 288 3032 harum’
313 2979 361 3046 (so.
386 2979 543 3047 caprarum)
568 2975 701 3046 ‘pellibus
724 2981 791 3031 sunt
813 2976 935 3031 nestitae
1008 2976 1087 3052 cuius
1109 2995 1193 3032 usum

178 3047 918 3190 12121211222122221111121
937 3047 1193 3176 1122221

202 3190 237 3244 ui
254 3190 290 3244 in
307 3190 439 3246 rustico
459 3206 561 3260 opera
579 3192 768 3261 morantur,
788 3183 825 3244 rit
844 3163 933 3260 apn’d
948 3189 1138 3245 Caecilium
1157 3191 1193 3245 in

208 3261 450 3332 ypobolimaeo
481 3261 587 3316 habet
619 3261 835 3332 adulescens,
869 3261 944 3332 ap'ud
972 3261 1134 3316 Terentium
1157 3262 1192 3316 'in

177 3333 478 3388 Hautontimorumeno
492 3333 595 3388 senex)
625 3333 698 3388 Hinc
711 3333 787 3388 enim
800 3333 981 3388 confirmatur
994 3333 1071 3401 quod
1084 3331 1191 3388 Meine·

177 3404 241 3460 kias
259 3404 333 3462 Men.
352 3423 378 3476 p.
395 3411 445 3460 172
465 3406 613 3473 statuerat,
632 3420 667 3459 ex
684 3404 907 3474 Hypobolimaeo
925 3403 1018 3474 petita
1036 3420 1096 3459 esse
1115 3421 1190 3474 quae
1295 3449 1299 3458 .

177 3479 275 3530 narrat
293 3475 388 3531 Cicero
406 3493 457 3546 pro
475 3476 556 3530 Roso.
575 3474 636 3532 Am.
653 3481 698 3545 16,
713 3482 747 3530 46
768 3477 795 3530 ‘e
832 3475 881 3530 nid
903 3475 1019 3530 tandem
1036 3475 1091 3530 tibi
1109 3475 1190 3530 uide-

177 3551 232 3617 tur,
242 3550 274 3602 nt
284 3547 321 3601 ad
330 3547 443 3602 fabulas
452 3546 607 3616 ueniamus,
622 3563 724 3601 senex
738 3547 800 3602 ille
838 3545 1032 3602 cecilianus
1046 3546 1190 3602 minoris
