2686 3910
187 167 252 232 104
513 164 650 220 SEXTVS
668 165 858 220 TVRPILIVS

188 399 197 426 ς
257 326 356 380 Festus
373 344 400 396 p.
411 331 461 381 361
475 326 512 381 M.
534 325 705 395 ‘tappete’
726 324 770 395 (cf.
790 324 961 406 Riischelius
981 341 1073 406 opusc.
1089 325 1115 379 H
1128 328 1193 396 697)

109 433 111 438 ’
188 414 237 524 ,⁰.¹.
252 397 358 523 iar
369 414 662 522 9691999
681 399 732 522 55⁸.
749 395 864 522 ill?
881 413 953 522 ,011
964 399 1124 522 aaa·
1140 440 1189 522 a

186 543 328 609 tappet..
345 583 350 594 .
367 583 372 593 .
389 581 396 594 .
411 583 417 596 .
434 540 451 595 .’
489 538 529 594 cf.
548 537 601 593 inc.
620 537 678 594 fab.
697 537 743 592 ΠΙ.

574 739 807 800 Duissvucvs

257 859 299 912 Ex
317 857 465 913 Menandri
482 857 582 912 fabula
600 856 764 927 cognomine
783 857 924 926 quadrant
941 856 1012 911 haec
1030 857 1192 926 (11.114Κ.)

108 977 118 990 „
187 929 323 1001 μακάριος
342 929 415 993 ὅστις
434 930 532 984 οὐσίαν
551 929 599 983 καὶ
617 937 687 984 νοῦν
711 927 779 998 ἔχει·
804 932 913 998 Χρῆται
935 927 988 999 γὰρ
1013 924 1092 992 οὗτος
1116 927 1192 992 eled

189 1005 233 1056 dei
249 1002 336 1074 ταύτῃ
354 1004 444 1064 καλῶς
462 1000 499 1053 ad
517 999 549 1054 11.
564 999 598 1069 Π,
617 1016 788 1068 quamquam
805 999 836 1052 id
853 998 968 1070 propius
982 997 1069 1054 eiiam
1083 999 1194 1055 accedit

44 1075 51 1084 ‘
188 1073 316 1127 adhunc
335 1089 369 1126 ex
386 1069 505 1126 Boeotia
522 1069 670 1125 Menandri
687 1087 799 1124 versum
815 1070 863 1140 (ΙΠ
881 1070 918 1125 M.
938 1075 972 1124 99
989 1069 1046 1140 X.):
1074 1075 1193 1134 πλοῦτος

188 1143 220 1199 δὲ
238 1147 346 1199 πολλῶν
365 1140 533 1213 ἐπικάλυμμ’
554 1141 628 1196 ἐστὶν
646 1151 749 1198 κακῶν,
769 1140 820 1213 (cf.
840 1143 909 1195 sent.
928 1137 1076 1195 Menandri
1093 1141 1190 1196 Vrbin.

189 1215 211 1270 Ο
231 1221 247 1268 6
266 1215 309 1270 ed.
328 1214 378 1280 M.)
397 1213 526 1268 Ceierum
549 1212 726 1282 adulescens,
750 1211 799 1280 qui
821 1229 885 1266 oum
902 1211 1048 1266 merein'ce
1066 1229 1125 1266 rem
1142 1213 1193 1266 ha-

187 1287 288 1340 buerat
315 1285 338 1356 (Ι
360 1285 412 1339 IV:
440 1284 473 1339 of.
493 1284 542 1353 V),
570 1284 719 1338 honestum
744 1300 808 1337 cum
829 1282 937 1353 virgine
956 1283 1079 1351 quadam
1096 1283 1193 1338 matri-

187 1356 312 1411 monium
330 1355 400 1410 inire
419 1355 529 1426 cogitur
547 1355 613 1424 (III).

680 1469 696 1527 Ι

186 1570 276 1658 Ergo
300 1571 412 1655 edepol
436 1570 529 1635 dacia
552 1569 636 1635 dico:
660 1591 741 1655 quae
764 1570 880 1634 moliar
901 1571 991 1635 uolei

188 1677 262 1743 Sibi
282 1699 376 1742 suum
399 1677 538 1741 amioum
561 1698 628 1741 esse
650 1676 869 1763 indulgentem
893 1680 926 1742 96
949 1676 1122 1763 didiinum,

186 1783 311 1848 Modica
335 1784 431 1867 itque
453 1804 548 1868 parce
571 1783 639 1848 eius
662 1783 781 1848 se'ruiai
804 1783 976 1868 cupidines,

256 1903 365 1959 Nonius
384 1910 448 1973 349,
468 1910 502 1959 96
527 1903 709 1958 ‘modicum
737 1905 845 1958 ueteres
872 1905 1047 1959 moderatum
1075 1906 1104 1958 et
1131 1921 1195 1958 cum

185 1975 279 2030 modo'
300 1975 353 2045 (iia
370 1976 434 2031 Vei.
454 1981 524 2030 9916
544 1975 712 2029 ‘commodo’
732 1974 828 2045 ceteri)
849 1975 916 2030 ‘dici
934 1975 1035 2030 uolani
1054 2020 1059 2030 .
1076 2019 1081 2030 .
1098 1976 1116 2030 .'

259 2087 273 2135 1
289 2097 355 2151 ergo
368 2094 400 2152 ψ,
419 2098 469 2136 om.
484 2081 545 2137 W1:
563 2082 597 2149 cf.
608 2080 708 2136 Plaati
722 2080 798 2150 Capi.
810 2088 879 2136 101⁷
893 2082 968 2138 Pers.
984 2088 1018 2136 94
1032 2089 1057 2136 et
1074 2081 1195 2137 Terentii

186 2154 291 2222 adelph.
307 2158 358 2208 959
373 2168 425 2221 ego
441 2153 527 2208 Vatia.
541 2157 611 2206 9916
638 2152 785 2208 Andarae
798 2155 830 2207 ia
844 2153 921 2208 Gara.
937 2171 959 2208 c.
974 2159 990 2206 6
1010 2153 1092 2207 domo
1106 2153 1194 2224 Berp-

186 2226 248 2279 kiae
265 2241 354 2294 opum
368 2223 382 2277 I
395 2228 456 2294 396,
476 2239 542 2293 ergo
560 2239 595 2278 ea·
611 2195 763 2294 llemiurgo
778 2240 923 2293 perperam
940 2226 1090 2294 repetitura,
1109 2223 1193 2279 domo

187 2303 277 2350 catera
290 2301 403 2366 propter
415 2294 507 2364 modo,
522 2296 594 2364 qaod
605 2295 693 2364 paalo
706 2301 769 2349 arria
784 2296 896 2366 lepatar,
910 2297 1039 2350 ommam
1052 2312 1106 2350 eece
1118 2297 1193 2350 corri-

186 2369 273 2434 ciram
298 2368 345 2421 aed
366 2365 449 2420 modo
473 2367 549 2421 isiaci
570 2382 656 2434 capra
682 2367 715 2419 iri
741 2366 862 2421 kmorote
888 2373 964 2421 extat
990 2373 1054 2422 arcte
1075 2367 1193 2438 quiaque

185 2439 322 2506 acempla!
387 2435 488 2491 mulier
505 2452 578 2505 quac
599 2435 772 2504 Graatoffiaa
839 2442 855 2489 9
874 2454 955 2490 suum
973 2435 1044 2492 sibi:
1062 2439 1095 2492 de
1112 2439 1193 2497 collo·

186 2511 292 2564 caiiorw
310 2509 345 2576 cf.
361 2509 451 2564 coroii.
465 2505 581 2561 XXXIV
653 2523 733 2560 suum
752 2506 873 2561 amioum
890 2508 1037 2563 Acidaliae
1056 2524 1194 2562 summam

186 2582 306 2647 (sumam
328 2579 388 2634 Vat.
408 2595 516 2632 summa
540 2577 711 2648 BGHM)
735 2577 854 2632 amicam
877 2599 912 2646 a,
935 2595 1016 2632 suum
1039 2581 1193 2632 amatorem

188 2649 397 2705 OFWMaelier
406 2651 516 2720 procori.
527 2649 619 2704 Piaat.
631 2654 682 2702 969
737 2648 876 2703 diutinam
888 2651 974 2706 Vatia.
994 2650 1038 2704 De
1052 2649 1193 2703 diutinum

185 2722 258 2777 cocis
275 2737 403 2776 mensura
420 2721 455 2788 cf.
475 2721 576 2776 Pacoro.
597 2723 647 2774 161
768 2725 784 2773 6
803 2719 909 2774 seruiat
927 2719 1072 2790 cupidines
1096 2721 1193 2790 Vatia,

186 2792 335 2848 Acidaliae
353 2790 427 2845 serui
446 2791 483 2845 ad
502 2789 646 2860 cupidines
665 2811 687 2860 φ
706 2789 812 2846 seruiat
830 2790 956 2862 cupidini
974 2791 1078 2848 Jaaiae

671 2942 702 3000 Π

133 3059 168 3108 49
188 3041 270 3119 Quia
291 3043 357 3106 n6n
379 3042 485 3106 minus
507 3062 558 3106 res
580 3041 743 3107 himinem
767 3065 863 3128 quam
885 3046 994 3107 scutris
1017 3042 1107 3128 tegit.

257 3162 366 3217 Nonius
385 3169 445 3233 996,
466 3168 498 3217 19
519 3163 666 3216 ‘scutum
690 3163 800 3234 generis
818 3163 918 3219 neutri.
955 3161 1104 3218 Masculini
1123 3161 1193 3214 Tur-

186 3234 273 3304 pilius
290 3233 455 3304 Demiurgo:
474 3233 551 3302 quia’
572 3250 596 3289 e.
615 3251 640 3302 q.
661 3251 681 3288 s.

256 3339 400 3394 hominum
423 3341 462 3395 W

665 3419 712 3478 IH

186 3571 193 3587 .
218 3572 225 3585 .
250 3520 326 3605 quia
349 3520 435 3584 enim
459 3519 531 3585 odio
555 3541 591 3584 ac
614 3520 702 3585 sinio
725 3519 771 3585 mi
793 3519 871 3585 haee
893 3525 969 3585 suni
990 3519 1129 3604 nuptiae.
