2686 3910
208 164 271 230 128
537 163 674 220 SEXTVS
692 164 883 221 TVRPILIVS

691 333 723 392 Π

213 434 318 501 Nemo
341 437 495 520 umquem
517 433 601 499 uidit
624 433 749 499 ebrium
772 435 819 499 ire
841 435 926 499 inter
949 434 1005 499 diu

95 626 97 632 7
152 556 205 606 200
213 541 328 626 Neque
350 540 478 606 turbam
501 541 605 606 fouere
627 543 730 626 neque
753 541 838 606 fores
861 545 1000 606 exurere.

276 661 385 717 Nonius
404 666 464 731 524,
484 667 517 716 27
538 661 687 716 ‘turbem
710 665 739 716 et
761 662 858 717 turbas
884 662 1026 719 diuersam
1044 663 1144 718 uolunt
1161 664 1212 718 hu-

205 734 272 788 bere
295 732 541 804 significationem,
568 736 601 787 ut
623 733 661 788 sit
682 733 767 788 turba
791 733 890 816 populi
917 736 1084 803 conuentus,
1111 735 1212 790 turbae

205 804 389 862 turbationes.
425 804 484 860 Noe
505 806 604 858 eontra
621 803 726 860 lectum
743 803 901 860 inuenrmus
920 809 949 861 et
967 805 1118 862 indiscrete
1136 807 1212 876 posi-

204 879 266 932 tum
284 878 314 931 et
330 892 381 946 pro
400 875 490 930 turbis
508 873 622 929 turbam
641 920 646 931 .
662 919 668 930 .
685 877 702 930 .’

276 980 292 1028 2
311 974 402 1029 fecere
419 973 447 1028 L
517 989 637 1028 uxurere
660 973 712 1028 W¹

686 1105 733 1164 Π]

206 1205 365 1274 Coronam
382 1229 526 1274 mensem
548 1181 631 1272 telos
654 1207 780 1291 uinum,
802 1206 880 1271 haee
903 1206 1123 1295 huiusmodi,

205 1313 329 1392 Quibus
351 1314 447 1380 rebus
469 1315 539 1380 uita
560 1314 725 1379 amentum
747 1313 884 1378 inuitari
903 1315 993 1380 solet.

275 1435 383 1490 Nonius
403 1441 506 1506 321,11
528 1434 690 1489 ‘inuitari
708 1436 752 1489 eet
769 1434 1000 1506 delecterivirg.
1016 1436 1114 1506 Georg.
1125 1433 1174 1492 lib.
1185 1438 1212 1494 I:

204 1505 309 1560 inuitat
322 1506 442 1576 genialis
456 1506 545 1560 hieme
561 1551 567 1561 .
584 1550 589 1562 .
606 1551 611 1560 .
626 1505 769 1576 Turpilius
788 1505 1043 1577 Tresyleonem:
1062 1507 1209 1564 horonam'

204 1593 228 1632 e.
248 1595 274 1646 q.
294 1595 315 1632 e.
354 1577 439 1632 ‘idem
457 1577 601 1647 Filoputro
620 1577 680 1649 [V]'

276 1691 290 1738 1
307 1699 438 1738 eoronam
448 1684 588 1739 Meroerue
601 1683 737 1737 heronem
748 1704 783 1739 n:
797 1683 950 1738 choronam
963 1687 1113 1756 aliquando
1125 1688 1211 1757 scrip·

203 1762 262 1811 tum
278 1756 335 1822 fuit
388 1754 485 1808 uinum
502 1755 618 1823 Lipsiae
635 1753 717 1807 uinus
736 1753 766 1808 in
784 1775 806 1808 ω
861 1761 876 1809 2
895 1755 957 1810 uite
975 1759 1121 1812 omentum
1138 1756 1212 1812 inui-

203 1825 260 1880 teri
278 1825 351 1881 solet
368 1826 483 1896 Lipsius
501 1825 591 1880 uitem
609 1827 748 1880 umettum
765 1824 882 1880 inuitari
901 1826 989 1881 solem
1007 1849 1028 1882 ω

684 1957 728 2016 IV

203 2059 269 2125 Dat
290 2059 376 2124 ultro
399 2080 436 2124 ao
458 2059 644 2124 muneretur
667 2059 752 2144 quod
776 2059 816 2124 ab
839 2059 896 2126 illo
919 2059 1062 2126 obstulit.

273 2180 382 2235 Nonius
405 2186 466 2250 477,
487 2185 520 2234 18
549 2182 760 2235 ‘muneratur
786 2197 836 2250 pro
864 2183 1003 2237 munerut’
1032 2183 1083 2254 (sio
1110 2183 1210 2240 Bumb.

204 2252 345 2307 ‘muneret
362 2268 413 2322 pro
430 2252 603 2306 muneratur’
625 2250 728 2322 ceteri).

273 2361 436 2414 muneratur
454 2359 572 2415 Botbiue
590 2361 719 2414 muneret
737 2380 758 2414 ω
830 2358 859 2414 al
882 2359 921 2414 W

691 2491 720 2550 V

201 2592 320 2658 Videre
343 2593 437 2679 oupio
459 2594 606 2658 nostrum
628 2593 881 2658 mercimonium.

202 2785 226 2840 V
242 2713 381 2855 1ἱΝοιὲέιὲῗ
400 2720 460 2784 213,
480 2720 496 2768 9
516 2713 786 2769 ‘mercimonium
803 2712 896 2769 neutri
914 2757 920 2768 .
936 2757 942 2769 .
958 2714 976 2770 .'
996 2712 1206 2783 (treeuleone

228 2803 242 2839 r
262 2803 299 2840 rn.

272 2877 399 2929 nostrum
417 2875 444 2928 L
462 2876 587 2928 uestrum
605 2894 626 2944 φ

681 2970 725 3029 V1

148 3073 286 3142 205Non
308 3075 357 3138 est
379 3071 548 3137 mediocris
570 3072 634 3157 ree,
656 3093 759 3157 neque
781 3072 873 3156 (est)
894 3070 1042 3160 uulgirie

209 3179 350 3244 Politeia
371 3179 457 3244 haec.

271 3301 379 3356 Nonius
398 3305 458 3370 488,
473 3305 507 3354 26
527 3297 736 3370 ‘uulgarium
753 3315 803 3369 pro
822 3297 968 3369 uulgarem
983 3299 1037 3356 ...’
1057 3302 1206 3372 (transy-

200 3371 299 3426 leone
322 3371 431 3442 Bemb.)

272 3473 286 3521 1
305 3483 349 3522 res
367 3469 417 3524 del.
431 3485 451 3524 o
468 3469 538 3523 haee
556 3484 599 3523 ree
615 3469 693 3538 prob.
707 3468 912 3525 sodomorum
966 3473 982 3521 2
1001 3466 1072 3522 hoec
1090 3465 1206 3524 fallacie

200 3538 319 3595 Bottiue
337 3541 473 3595 trochaeos
490 3556 638 3596 euenerant
