2694 3906
337 153 386 207 EX
404 152 568 208 INOERTIS
587 151 828 207 INCERTORVM
846 150 998 206 FABVLIS
1109 152 1170 216 151

161 317 214 383 est,
234 315 284 368 sed
302 313 336 368 ol.
352 313 524 367 Philemonis
542 313 575 368 fr.
591 317 642 366 189
662 312 743 383 01χὴ
758 309 837 375 πόλις
855 329 904 366 σου
922 311 1048 382 τὸγένος
1063 311 1173 382 εὐγενὲς

160 395 245 455 ποιεῖ,
268 387 311 440 ra
331 383 358 440 δ’
377 383 524 455 strawigen
541 384 592 454 τὴν
610 381 693 438 πόλιν
711 382 842 452 πράσσων
861 387 958 446 καλῶς.

232 493 326 546 locum
344 495 427 546 ornat
444 493 542 563 scripsi
561 493 642 545 ornat
660 490 754 544 locum
771 491 828 545 cod.

587 641 742 701 LXXVIII

161 743 227 808 Odi
246 744 398 829 puerulos
420 745 593 828 praecoqui
616 745 783 828 sapientia.
1193 761 1228 809 eo

233 864 368 934 Apuleius
393 865 465 935 apol.
485 883 508 920 o.
528 872 562 920 85
587 866 642 919 ‘est
664 865 713 919 illc
736 868 837 934 poetae
856 881 952 918 uersus
971 881 1028 918 non
1046 863 1172 934 ignotus:

161 935 233 990 odi'
254 952 276 990 e.
297 955 322 1004 q.
344 955 365 990 s.
404 937 465 990 ‘sed
489 937 563 990 enim
585 936 697 990 malitia
720 936 872 1006 praecoqui
895 952 1012 1006 puerum
1035 935 1098 1003 quis
1118 953 1174 990 non

161 1010 306 1062 auersetur
317 1010 401 1076 atque
412 1007 531 1064 oderit?’
553 1007 592 1062 Of.
605 1007 721 1062 Publilii
731 1007 794 1076 Syri
808 1011 877 1062 sent.
888 1007 952 1062 fals,
964 1012 1014 1060 266
1029 1025 1055 1075 p.
1069 1011 1118 1060 129
1128 1007 1172 1062 W.

594 1151 742 1216 LXXIX*

161 1258 247 1336 Quid
270 1257 446 1324 tristiorem
469 1258 564 1324 uideo
588 1263 620 1323 te
644 1281 711 1324 esse
735 1281 831 1343 quam
854 1257 1018 1344 antidhac,

160 1365 361 1450 Lampadio?
383 1365 541 1450 numquid
563 1366 733 1430 familiaris
755 1363 845 1430 fr'lius

160 1471 260 1536 Amat
282 1494 340 1537 neo
363 1494 435 1558 spes
459 1477 507 1536 est
530 1473 630 1536 auxili
654 1473 850 1559 argentaria,

160 1577 301 1662 Ideoque
324 1578 473 1663 scapulae
495 1581 645 1643 metuunt
667 1579 938 1666 uirgindemiam‘?

197 1676 201 1684 ’
232 1690 341 1746 Nonius
361 1697 420 1761 187,
442 1697 475 1746 10
496 1691 789 1762 ‘uirgindemiam,
808 1695 840 1747 ut
858 1692 1039 1760 uindemiam,
1058 1693 1111 1746 hoc
1131 1695 1174 1746 est

160 1761 757 1888 1111111ῗῖ1)ῗῆᾐέέῖἓΞῙέἪΨἜΜ
770 1764 817 1889 ¹¹2¹
831 1763 1173 1890 trituratur

161 1903 196 1958 dc
215 1877 361 1959 comoedia
379 1853 472 1959 loegum
491 1852 614 1960 saturaeq
617 1853 794 1960 inmisciiis'e
808 1879 854 1960 iel
868 1855 935 1961 ciuiJ
943 1906 1101 1976 exemplum
1117 1924 1174 1961 una

160 1991 224 2028 cum
243 1975 342 2030 comici
360 1979 461 2046 poetae
480 1976 592 2031 nomine
606 1977 636 2030 ln
649 1976 737 2032 Nonii
751 1977 831 2032 libris
846 1977 991 2033 excidisse.
1015 1979 1173 2032 Adsensum

160 2045 214 2100 tuli
232 2045 355 2101 Vahleni
373 2047 451 2102 Ocni.
469 2067 496 2117 p.
513 2054 559 2117 13,
578 2048 743 2103 Buecheleri
761 2067 831 2105 mus.
846 2049 935 2104 Rhen.
951 2055 998 2118 14,
1011 2055 1078 2117 424,
1101 2049 1172 2103 Roo-

160 2117 221 2186 peri
239 2117 341 2174 Philol.
360 2118 438 2172 XVII
457 2124 499 2187 89,
518 2119 607 2173 Riesii
625 2119 759 2174 Varronis
781 2119 841 2175 rell.
860 2139 887 2190 p.
908 2126 950 2189 97,
970 2137 1088 2188 quorum
1106 2119 1172 2189 illis,

160 2188 319 2242 Vahlenum
338 2191 367 2243 et
385 2190 587 2244 Buechelerum
606 2190 682 2260 dico,
701 2190 785 2260 prior,
805 2191 895 2246 altera
914 2190 1075 2245 coniectura
1092 2207 1172 2259 prae-

158 2259 269 2328 placuit
287 2261 413 2330 Roepero
433 2264 462 2315 et
480 2261 583 2316 Ricsio.
616 2261 837 2332 Lampadionem
856 2261 1030 2317 comoediam
1048 2261 1172 2314 Naevius

160 2329 284 2400 scripsit,
313 2349 397 2400 quem
419 2335 515 2386 tamen
537 2333 637 2387 horum
659 2349 790 2387 versuum
813 2336 956 2388 auctorem
983 2332 1070 2386 fuisse
1093 2349 1172 2386 num-

161 2419 247 2470 quam
265 2402 413 2458 adfirmavi
432 2403 477 2474 (cf.
496 2405 552 2458 Leo
571 2403 613 2459 Pl.
633 2403 661 2459 F.
683 2411 734 2474 19).

233 2506 247 2552 1
268 2498 402 2554 antidhac
421 2501 520 2556 Carrio
539 2500 620 2570 angit
638 2501 691 2555 hac
710 2501 793 2571 (hano
812 2501 857 2571 H)
876 2522 897 2556 ω
1001 2508 1016 2556 9
1036 2501 1173 2570 numquid

161 2571 303 2627 Meropus
316 2571 451 2640 nemquid
462 2591 494 2640 a,
507 2574 534 2626 Ιι.
544 2571 712 2642 cnimquid,
732 2575 764 2627 dc
779 2591 833 2642 qua
850 2574 940 2640 formo
959 2573 1021 2628 disci
1038 2575 1070 2628 ic
1087 2576 1171 2628 corol-

160 2643 231 2698 lario
249 2645 287 2698 ad
304 2645 422 2715 tropicos
436 2661 465 2712 p.
481 2643 619 2698 LXXVI
676 2649 694 2696 3
712 2659 765 2698 acc
785 2643 882 2700 Carrio
899 2645 970 2698 haec
988 2665 1010 2698 ω
1074 2661 1172 2715 argen-

162 2712 227 2766 tarii
248 2713 345 2768 Carrio
401 2721 418 2768 4
437 2713 654 2784 uirgindemiam
672 2717 712 2770 cd.
732 2733 757 2770 a.
778 2720 846 2770 uro
865 2714 1132 2786 uirgarumdemiam
1150 2737 1172 2770 ω

612 2865 720 2924 LXXX
806 2885 808 2888 ·
852 2871 854 2877 ⁴

161 2963 255 3043 Quod
283 2965 354 3030 dedi
383 2966 493 3031 datum
520 2989 586 3032 non
615 2967 746 3032 uellemz
781 2968 868 3052 quod
894 2968 1080 3032 relicuomst
1107 2969 1172 3032 non

747 3074 839 3140 dabo.
1174 3109 1226 3158 100

231 3177 348 3232 Plautus
368 3177 472 3232 Cistell.
492 3183 544 3232 506
565 3178 649 3232 ‘inter
666 3195 771 3232 nouam
788 3195 847 3232 rem
865 3177 1005 3232 uerbum
1028 3178 1170 3248 usurpabo

160 3250 272 3303 uetus:
298 3247 380 3314 Quod
403 3249 479 3304 dedi'
500 3266 523 3304 e.
543 3267 569 3318 q.
590 3268 611 3304 s.
648 3249 819 3318 Ambiguam
843 3248 926 3303 huius
946 3248 1015 3302 dicti
1034 3248 1171 3318 originem

160 3335 220 3372 esso
246 3319 321 3374 sensi
349 3319 417 3374 olim
439 3319 469 3373 in
493 3323 601 3388 quaest.
621 3338 694 3376 scen.
713 3339 740 3390 p.
756 3326 821 3376 353:
850 3319 966 3374 adiunxi
994 3319 1062 3374 olim
1090 3320 1171 3389 quasi

159 3394 391 3516 τθεροιιειιιᾎιᾶῃῢέ
419 3392 599 3496 (1116119
626 3391 826 3518 pilliieireii
859 3391 948 3516 qugd
976 3391 1092 3474 datum
1112 3395 1171 3517 'esi

158 3462 247 3586 ἓξὲξ
261 3479 370 3588 {pomp
371 3463 444 3590 npr)
463 3463 607 3535 (Varronis
627 3481 679 3518 sa.
711 3483 731 3518 r.
829 3467 907 3534 ‚)‚se
943 3479 1156 3562 nuncomrsru
