2668 3904
335 169 601 226 ANONYMORVM
618 171 796 226 MIMORVM
814 171 1010 237 RELIQVIAE
1114 173 1180 236 375

112 315 115 324 ’
174 385 180 398 .
235 332 397 398 Iuvenalis
419 331 467 398 VI
494 333 539 396 44
567 333 610 397 ‘si
642 333 850 398 moechorum
881 335 1069 400 notissimus
1102 334 1181 399 olim

168 437 277 504 Stulta
303 440 444 504 maritali
474 440 539 504 iam
567 439 707 526 porrigit
735 462 791 504 ora
818 441 971 526 capistro,
1004 441 1105 519 Quem
1133 446 1181 506 to-

167 545 251 610 tiens
279 547 362 610 texit
391 547 528 630 perituri
555 547 636 611 cista
662 546 791 610 narmi?
838 547 1010 612 scholiasta
1035 550 1105 634 ‘qui
1132 553 1180 614 to-

166 653 251 718 tiens
280 653 525 738 superueniente
553 653 671 718 marito
699 653 758 717 sub
787 653 868 718 cista
897 655 1018 718 celatus
1049 659 1110 741 est,
1141 659 1180 720 ut

168 759 205 822 in
225 759 346 824 mim0.'

298 995 584 1056 ANONYMORVM
606 994 799 1056 MIMORVM
825 995 1045 1068 RELIQVIAE

241 1111 357 1180 Aliquot
381 1112 454 1166 inter
476 1112 613 1182 palliatae
635 1113 795 1182 fragmenta
817 1116 944 1183 receptos
967 1113 1119 1168 versiculos
1143 1115 1180 1168 ad

167 1182 285 1237 mimum
302 1183 397 1253 potius
416 1183 507 1238 videri
524 1184 664 1254 pertinere
684 1199 733 1238 suo
753 1184 815 1238 loco
834 1184 940 1239 monui.

666 1389 682 1446 I

235 1487 409 1554 Rhetorica
437 1469 702 1554 ad'Herennium
725 1488 740 1553 I
770 1490 825 1574 14,
848 1490 891 1554 24
919 1490 1066 1553 ‘mimus
1098 1490 1180 1574 qui.-

170 1595 254 1659 dam
289 1597 515 1661 nominatim
551 1595 708 1661 Accium
744 1600 894 1681 poetam
931 1597 1180 1680 compellauit

169 1701 208 1764 in
231 1723 378 1766 scaena:
402 1725 475 1767 cum
498 1725 535 1768 eo
557 1701 674 1768 Accius
698 1703 887 1768 iniuriarum
911 1703 987 1790 agit.
1023 1703 1076 1767 hic
1098 1703 1181 1767 nihil

168 1807 257 1872 aliud
280 1807 422 1874 defendit
444 1809 507 1875 nisi
529 1811 625 1875 licere
648 1810 808 1875 nominari
832 1831 914 1895 eum,
937 1810 1028 1874 ouius
1050 1811 1180 1875 nomine

166 1916 288 2000 scripta
311 1917 426 1981 dentur
451 1917 595 2004 agenda.²

241 2055 281 2110 Of.
301 2055 327 2109 Π
351 2062 441 2125 13,19
465 2055 509 2112 Ὃ.
529 2056 639 2112 Caelius
663 2057 748 2111 iudex
771 2057 895 2111 absoluit
917 2056 1084 2111 iniuriarum
1108 2073 1179 2125 eum,

166 2126 218 2194 qui
235 2125 375 2180 Lucilium
392 2130 506 2196 poetam
523 2127 553 2181 in
572 2145 674 2182 scaena
691 2127 859 2182 nominatim
876 2128 1006 2195 laeserat,
1024 2129 1054 2182 P.
1070 2127 1180 2182 Mucius

168 2213 246 2266 eum,
282 2197 332 2265 qui
362 2199 392 2252 L.
421 2198 537 2252 Accium
570 2202 685 2268 poetam
715 2198 924 2267 nominauerat‚
982 2198 1178 2253 'ndemnauit’

168 2267 278 2391 fficiam
305 2268 343 2321 ad
370 2268 507 2323 Graecum
539 2270 697 2340 exemplum
724 2269 943 2324 controversiam
971 2287 984 2322 s
1016 2269 1073 2323 tuit
1100 2270 1181 2324 Marx

167 2356 238 2407 pro.
256 2345 361 2408 p.109.
1042 2357 1045 2364 ·

502 2521 504 2527 Α
655 2475 687 2532 H

237 2571 349 2638 Cicero
367 2573 408 2637 ad
424 2573 499 2638 fam.
517 2572 565 2638 IX
590 2574 640 2659 16,
661 2575 679 2638 'l
704 2575 801 2638 ‘nunc
823 2571 918 2638 uenio
943 2574 983 2638 ad
1005 2573 1181 2638 iocationes

166 2679 255 2764 tuas,
283 2679 435 2764 quoniam
462 2684 499 2744 tu
527 2681 701 2746 secundum
725 2679 923 2746 Oenomaum
945 2678 1024 2744 Acci
1051 2702 1116 2744 non
1143 2683 1181 2744 ut

167 2786 248 2850 olim
267 2785 391 2850 solebat
409 2785 600 2874 Atellanam,
623 2789 679 2852 sed
701 2791 739 2852 ut
761 2809 846 2852 nunc
869 2781 908 2852 fit
927 2787 1063 2852 mimum
1081 2787 1181 2851 intro-

167 2893 299 2957 duxisti.
353 2913 447 2976 quem
479 2897 516 2958 tu
547 2894 629 2958 mihi
660 2895 855 2980 pompilum‚
888 2895 983 2979 que'm
1016 2894 1181 2958 denarium

167 3000 301 3064 narras?
334 3021 430 3083 quam
448 3000 640 3084 tyrotarichi
659 3001 825 3085 patinam?
857 3001 1011 3065 facilitate
1030 3022 1101 3065 mea
1119 3000 1182 3064 ista

166 3106 355 3171 ferebantur
382 3110 489 3191 antea,
516 3129 601 3171 nuno
628 3111 754 3171 mutata
780 3129 831 3172 res
858 3111 920 3172 est:
947 3106 1093 3172 Hirtium
1121 3128 1180 3192 ego

167 3218 201 3278 et
224 3212 428 3278 Dolabellam
456 3214 580 3278 dicendi
609 3214 783 3298 discipulos
809 3213 927 3299 habeo,
954 3213 1088 3278 cenandi
1115 3234 1181 3277 ma

167 3320 289 3406 gistros
316 3371 324 3385 .
348 3369 355 3384 .
379 3371 417 3385 ..
446 3321 533 3406 quod
559 3320 588 3384 si
614 3342 799 3404 perseueras
826 3343 878 3385 me
905 3321 945 3384 ad
971 3320 1084 3384 matris
1107 3322 1181 3383 tuae

167 3447 280 3490 cenam
307 3448 470 3512 reuocare,
498 3427 599 3491 feram
626 3427 661 3490 id
682 3449 819 3512 quoque.
864 3427 941 3492 uolo
964 3426 1050 3490 enim
1071 3426 1181 3491 uidere

168 3532 327 3619 animum,
355 3534 411 3618 qui
438 3532 519 3598 mihi
547 3533 662 3598 audeat
689 3533 751 3598 ista
779 3555 859 3618 quae
887 3532 1000 3598 scribis
1023 3534 1181 3619 adponere
