2684 3908
547 113 577 166 L.
596 111 778 167 AFRANIVS
1104 110 1169 176 257

605 289 720 357 XXVII

158 401 243 466 Hem
262 399 443 486 quidhoc?
472 399 567 484 perii,
585 399 751 484 pertimui:
771 397 850 483 quid
868 398 1002 463 tumulti
1020 397 1172 464 exeiidii?

228 521 337 576 Nouius
352 527 439 591 490‚1
457 521 610 576 ‘tumulti
625 565 630 576 .
643 565 648 576 .
660 565 683 577 ..
699 519 831 574 Afranius
841 519 977 589 Vopisco:
991 520 1067 574 hem’
1080 537 1138 590 eq.
1148 539 1171 576 s.

158 789 160 792 ,
595 725 726 784 XXVIII

159 821 286 904 Quinte
308 825 362 890 hic
385 826 614 891 uocifersitione
637 826 753 890 fertur:
777 826 807 890 ei
829 825 965 890 miserae
987 825 1081 890 mihi!

231 947 340 1001 Nonius
364 952 429 1016 503,
453 953 486 1001 21
517 946 680 1001 ‘seruiiur
712 962 800 1014 seque
831 963 882 1016 pro
909 946 1053 1001 seruetur!
1096 950 1170 1017 (pro

157 1019 314 1072 seruetur
332 1019 382 1088 Be,
402 1017 522 1072 Rothius
540 1035 602 1088 pro
621 1017 729 1072 feruii
746 1017 816 1071 HW
833 1035 893 1088 pro
912 1017 1063 1072 seruitus
1080 1017 1171 1090 Leid.)

158 1089 296 1158 Corrupto
314 1091 394 1144 textu
413 1107 479 1144 usus
498 1089 611 1144 videtur
628 1089 776 1159 glossator.

230 1197 337 1264 queuis
354 1193 402 1250 hic
420 1197 519 1266 scripsi
536 1195 636 1264 quenti
655 1217 676 1249 ω
695 1197 803 1264 quante
819 1196 958 1251 Beccinus
1023 1195 1124 1249 fertur:
1144 1195 1172 1249 ei

156 1269 257 1337 scripsi
278 1266 398 1322 seruitur
420 1266 447 1321 ei
469 1268 593 1337 Nonius,
618 1269 665 1322 cui
686 1269 712 1322 si
733 1269 801 1336 fides
822 1269 943 1336 habetem,
968 1265 995 1320 ei
1018 1269 1169 1322 delendum.

157 1339 257 1394 seruit:
276 1338 303 1392 ei
321 1339 452 1408 Bothus,
475 1346 501 1394 ct
522 1341 629 1395 videtur
650 1341 716 1419 icccc
735 1355 837 1408 quoquc
856 1339 933 1394 lectio
951 1339 1068 1408 actique
1084 1339 1170 1406 fuisse

614 1543 713 1601 XXIX

158 1645 430 1709 Preefestinemus
453 1645 534 1728 quae
557 1643 600 1708 sii
622 1665 717 1708 cause
740 1643 886 1730 sciscere,
1171 1656 1225 1706 395

160 1750 254 1828 Quod
277 1751 320 1816 sii
341 1772 507 1815 necessum
529 1748 624 1836 scire,
646 1751 835 1834 praesemim
857 1751 892 1816 in
915 1749 1007 1816 breui

231 1871 374 1926 Charisius
394 1890 421 1940 p.
437 1877 488 1926 186
506 1871 536 1926 P.
562 1872 761 1927 ‘necessum
799 1873 836 1927 M.
856 1871 926 1927 Ceio
1024 1887 1172 1926 necessum

159 1943 293 1998 Afranius
311 1943 341 1996 in
355 1942 489 2012 Vopiscoz
508 1942 754 2012 praefestinemus'
770 1959 793 2000 e.
809 1962 835 2012 q.
851 1961 872 1998 s.

231 2056 247 2104 2
270 2048 447 2121 praesertim]
474 2049 598 2118 proferte
621 2051 695 2120 Rue,
719 2057 782 2120 post
808 2049 925 2104 sciscere
951 2051 1065 2122 crucies
1086 2052 1173 2106 icter-

155 2139 285 2193 eunucus

626 2254 709 2312 XXX

160 2355 227 2420 Vbi
251 2355 329 2441 quid
350 2355 518 2440 repentino
541 2355 638 2420 huius
661 2354 826 2419 consimile
850 2354 973 2418 eccidit.

234 2476 376 2532 Charisius
394 2496 422 2548 p.
434 2482 485 2532 193
503 2477 534 2532 Ρ.
556 2475 751 2546 ‘repeniino
774 2492 825 2545 pro
843 2454 958 2544 repente
1039 2474 1172 2528 Afremus

159 2549 192 2602 in
209 2548 394 2618 Emancipato
415 2549 463 2620 [X]
482 2547 558 2602 idem
575 2547 605 2601 in
623 2547 758 2617 Vopisco:
777 2545 893 2616 ubique'
909 2563 933 2602 e.
948 2563 974 2614 q.
990 2563 1011 2600 s.

167 2653 169 2658 ’
232 2655 283 2710 ubi
306 2655 375 2724 quid
398 2656 448 2726 (sic
470 2657 553 2710 etium
575 2653 708 2724 chhius)
730 2655 772 2708 ccl
794 2652 840 2707 cui
862 2655 964 2710 ccciccc¹
986 2651 1091 2720 ubique
1114 2655 1174 2708 ced.

160 2725 272 2795 tibique
290 2727 353 2782 Bcc
425 2743 488 2780 eum
507 2723 598 2780 simile
616 2726 657 2780 ed.
672 2743 716 2794 pr.

618 2911 716 2969 XXXI

160 3065 169 3078 .
194 3013 227 3077 id
250 3016 298 3077 esi
320 3012 408 3076 iuius
431 3013 553 3077 icium:
576 3011 673 3097 periii
697 3012 793 3096 6pere
815 3011 850 3076 ni
872 3012 990 3076 minim
1013 3032 1102 3075 meee

161 3118 224 3183 ‘Ex
246 3119 354 3184 animo
376 3119 550 3184 fiduitatis.

168 3255 175 3278 ,·
234 3239 343 3294 Nonius
361 3245 450 3308 110,1
473 3239 714 3308 ‘fidelitatem
737 3238 768 3292 id
792 3241 835 3294 esi
857 3240 941 3298 fidem
965 3283 1016 3304 ,..
1039 3237 1173 3292 Afranius

162 3311 298 3381 Vopisco:
317 3310 363 3364 id'
379 3327 402 3364 e.
418 3329 444 3380 q.
460 3329 481 3366 s.

236 3424 250 3472 1
271 3419 364 3474 Potest
380 3420 422 3473 cel
439 3421 474 3473 ab
492 3419 574 3473 initio
593 3417 617 3471 si
634 3419 757 3488 suppleri
774 3419 816 3474 cel
833 3417 899 3472 idne
917 3417 1011 3486 scribi,
1031 3417 1088 3472 cisi
1104 3417 1174 3485 fecte

165 3495 216 3544 ‘eut
241 3489 351 3558 pridem
379 3491 422 3543 est
447 3489 524 3543 intus
547 3491 643 3545 ectum
665 3497 716 3545 aut
743 3489 767 3543 si
794 3489 843 3544 ille
866 3492 909 3544 est
933 3489 1023 3558 intus,
1051 3491 1176 3543 sciumst

127 3639 129 3642 Ι
218 3588 298 3630 scaen.
312 3599 373 3638 pecc.
387 3589 452 3631 Rom.
466 3588 549 3640 fragm.
563 3589 598 3631 cd.
612 3589 729 3632 anuux.
743 3591 773 3631 11.
980 3584 1012 3632 17
