2666 3914
462 174 648 231 CAECILIVS
667 175 816 232 STATIVS

615 343 663 404 ΠΙ
746 389 748 394 .

130 441 230 510 Orsim
253 445 393 530 reperire
416 445 553 534 millam,
576 467 639 530 qua
662 444 843 532 expediim,
866 467 957 530 queo.

201 575 302 630 Festus
320 593 348 645 p.
364 581 415 630 182
429 575 466 629 Μ.
489 577 583 630 ‘orae
603 577 743 630 extremae
761 578 856 646 partes
874 579 1024 646 terrarum,
1048 576 1078 630 id
1102 580 1145 632 est

130 646 291 702 maritimae
315 646 458 714 dicuntur,
482 647 556 701 unde
580 649 609 701 et
631 646 864 702 uestimentorum
885 651 1025 702 extremae
1042 649 1145 718 partes,

131 734 204 787 quoe
230 717 345 786 quidem
368 721 398 772 et
417 717 525 787 primae
544 717 601 772 dici
618 721 744 799 possunt.
783 717 921 774 Caecilius
939 718 970 772 in
989 719 1146 774 ethrione

131 807 199 846 usus
218 792 263 843 est
279 806 330 858 pro
349 787 432 843 initio
451 788 505 858 rei,
525 806 588 844 cum
606 791 660 846 ert:
680 790 768 844 oram’
789 806 812 844 e.
827 808 854 858 q.
870 807 890 844 s.

204 920 262 972 qua
275 903 434 976 Speupeliue
452 921 538 974 quam
550 907 618 976 cod,
637 911 728 961 tuctur
741 905 938 961 Loctmouuuc
953 907 985 960 iro
998 906 1083 962 Lacr.
1095 911 1146 960 223

618 1073 662 1131 IV

134 1179 218 1247 Odm
230 1180 392 1246 Mercurio
412 1181 500 1267 cripit
517 1182 701 1269 consilium,
718 1183 890 1268 postquem
909 1183 1049 1248 sentinet
1062 1184 1149 1249 satis·

205 1311 305 1370 Festus
318 1330 344 1381 p.
356 1317 408 1366 339
417 1311 455 1366 M.
474 1311 680 1383 ‘sentinare‚
700 1315 745 1374 sat
763 1330 855 1384 agere,
874 1313 981 1368 dictum
996 1331 1013 1368 a
1027 1312 1146 1383 sentina,

131 1471 179 1579 iiit
191 1468 295 1595 eagere,
314 1497 421 1578 dictum
439 1542 457 1579 a
475 1472 586 1580 sentiris
599 1500 698 1595 nauis,
718 1473 803 1596 quain
821 1527 884 1596 quis
902 1501 936 1596 ut
954 1544 1028 1596 aqua
1045 1501 1148 1582 liberei

133 1611 273 1650 enecuere
296 1595 448 1652 contendit.
485 1596 583 1665 itaque
607 1597 748 1652 sentinare
770 1601 813 1652 est
833 1597 976 1654 subtiliter
992 1597 1148 1668 periculum

132 1666 234 1721 uitare.
273 1665 424 1722 Caecilius:
444 1667 532 1738 capit'
553 1684 576 1724 e.
591 1686 618 1737 q.
634 1687 654 1723 s.

206 1782 256 1837 An
269 1789 333 1852 post
351 1781 500 1843 consilium
517 1785 632 1854 prasius
649 1785 910 1856 irtterptmqeodmm
933 1787 1040 1856 reliqua
1060 1787 1149 1842 oratio

131 1859 165 1910 ut
181 1870 240 1910 noro
258 1855 384 1910 absoluta
402 1853 459 1910 eit?

629 1951 658 2009 V

129 2115 137 2128 .
161 2065 322 2148 actutum,
344 2061 457 2146 uoltis,
480 2065 589 2146 empta
612 2065 673 2126 est:
696 2061 809 2149 uoltis,
831 2084 897 2128 non
920 2032 1027 2149 empta
1050 2065 1099 2129 est
1117 2115 1149 2130 ..
1185 2081 1201 2132 5

204 2201 356 2256 Diomedes
374 2219 402 2270 p.
417 2206 468 2256 381
483 2200 513 2255 P.
535 2200 622 2270 ‘apud
640 2202 749 2255 veteres
767 2200 919 2270 reperimus
934 2201 965 2254 id
979 2203 1055 2270 quod
1068 2203 1148 2256 nolu·

133 2291 210 2341 mus,
234 2289 293 2326 nou
314 2271 402 2329 uultis
420 2287 438 2328 *
456 2273 490 2325 ut
507 2274 551 2326 est
572 2271 608 2324 in
626 2271 815 2326 Aethrione
836 2273 926 2342 apud
945 2272 1148 2330 Caecilium:

134 2346 265 2400 actutum
283 2342 382 2398 nultis’
403 2359 426 2398 e.
441 2359 467 2411 q.
483 2359 503 2398 s.
541 2341 592 2413 (sic
611 2341 702 2396 edidit
719 2343 753 2397 H.
767 2342 883 2398 Keilius.
916 2342 950 2397 in
969 2344 1149 2399 ethericus

133 2415 227 2498 apud
245 2412 406 2468 lucilium
423 2412 585 2468 Pausa-AB
595 2414 703 2468 Monac.
741 2413 776 2467 in
799 2414 971 2469 etheriore
991 2415 1079 2484 apud
1097 2415 1149 2468 lu-

32 2549 35 2556 .
134 2486 256 2542 crlium
284 2487 350 2540 ‘ms
379 2485 451 2540 ood.'
482 2483 510 2539 C.
535 2483 660 2554 Scioppii
687 2485 776 2555 apud
803 2484 961 2540 lucilium
989 2485 1051 2540 edd.
1080 2488 1148 2541 vett.

134 2558 226 2628 apud
245 2555 436 2611 Caecilium
454 2555 603 2610 Statium
621 2555 641 2610 I.
656 2555 796 2610 Beckerus
815 2555 916 2611 Philol.
930 2557 970 2611 IV
985 2559 1028 2627 78)

206 2681 340 2752 Suppara
358 2681 448 2750 possis
475 2682 528 2750 tge
555 2679 613 2734 iam
638 2682 681 2736 oet
708 2679 785 2750 agite
840 2681 967 2734 actutum
988 2682 1090 2736 receuti
1114 2699 1148 2737 m.

134 2755 286 2823 compton
303 2754 335 2808 do
348 2751 461 2808 Monac.
481 2750 605 2808 aetissum
618 2751 710 2807 Paris.
720 2751 748 2806 A
770 2750 895 2806 octiuum
913 2751 1003 2808 Paris.
1014 2752 1042 2806 B
1057 2752 1147 2822 Mon,

135 2841 184 2881 om.
204 2825 266 2880 edd.
284 2830 345 2880 cert.
401 2824 495 2892 empta
512 2821 606 2877 Noltis
626 2823 683 2878 ‘ma
698 2823 766 2879 cod?
789 2822 817 2878 0.
832 2822 956 2893 Scioppii
1008 2839 1066 2877 non
1084 2839 1146 2877 emo

135 2898 176 2952 cel
198 2911 258 2950 non
281 2893 347 2962 erit,
369 2901 403 2950 ut
423 2895 550 2949 emortus
569 2895 630 2962 fiat,
649 2894 712 2949 Buc
784 2893 974 2964 Septeuare‘um
991 2896 1033 2950 cel
1051 2895 1151 2949 eadem

138 2966 190 3022 erit
208 2968 252 3022 oet
270 2968 315 3020 est
332 2965 403 3020 item
421 2965 578 3021 concludere
592 2966 685 3034 potuit

563 3149 731 3210 ANDREA

141 3293 144 3300 ·
207 3265 340 3322 Andria
372 3265 477 3322 Caecili
503 3283 571 3320 num
597 3268 673 3320 reete
704 3265 811 3320 feretur
838 3265 952 3320 dubitat
979 3265 1151 3335 Ritschelius

139 3339 250 3409 Parerg.
265 3339 279 3392 l
294 3343 358 3407 133,
382 3339 458 3406 quod
481 3355 544 3391 curn
567 3353 601 3391 ex
620 3336 734 3392 Graecis
752 3336 919 3390 Menandria
937 3336 998 3391 sola
1015 3341 1085 3392 nota
1103 3339 1148 3406 sit,

140 3410 314 3478 desudem,
333 3426 419 3477 quam
437 3407 575 3464 Caecilius
595 3407 663 3462 olirn
681 3407 809 3477 dederat,
828 3410 953 3477 repetere
973 3424 1057 3462 ausus
1076 3413 1150 3463 esset

140 3481 300 3550 Terentius,
325 3479 374 3534 vix
397 3479 424 3534 ei
446 3480 476 3534 in
498 3479 615 3550 prologo
640 3479 675 3533 de
699 3495 733 3532 ea
754 3494 785 3532 re
808 3479 902 3532 tacere
924 3477 1058 3533 licuisset.
1096 3479 1151 3532 Sed

140 3552 277 3606 Andrea
293 3553 389 3620 potest
406 3548 595 3620 vcl'Avdpe'ce
613 3549 658 3604 vel
677 3555 751 3620 (cum
764 3548 947 3619 Dziatzlrone)
963 3545 1088 3618 Ἀνδρεία
1106 3548 1150 3602 in-
