2686 3910
125 162 128 170 ’
213 182 277 246 134
384 179 434 234 nx
451 180 616 236 moneris
635 179 877 236 racemorum
894 179 1046 235 saeviis

282 341 332 395 hui
342 341 538 396 Lectionibus
547 341 631 397 Iacer.
642 357 671 410 p.
683 346 744 408 311,
758 341 806 410 qai
818 341 967 410 septenarii
980 341 1092 396 iambici
1105 341 1223 396 alteram

107 417 110 424 '
211 414 357 468 dimidium
375 414 492 484 apponit.
521 411 587 465 huic
606 433 640 482 a,
660 413 744 467 deleri
760 413 820 467 uait
838 411 998 483 Spcapciiae
1104 409 1222 466 uidesne

211 485 281 538 haec
300 486 338 540 ai
361 484 493 540 Varronis
510 485 591 540 cerba
608 485 695 540 traicit
713 482 873 554 Spcapciias

589 625 590 628 ’
678 615 753 674 VIII

6 763 9 786 ‚
159 733 192 782 15
212 716 364 814 Sponden
386 721 475 782 tuam
499 720 631 804 gnatam
653 714 724 781 fssio
748 717 883 781 uxorem
905 715 999 780 meo?

281 838 371 892 Varro
397 839 432 892 de
455 837 570 893 1.1.V1
594 842 627 892 70
657 837 909 907 ‘spondebatur
935 835 1055 906 pecunia
1083 841 1133 892 aut
1161 837 1222 893 filia

210 909 373 979 nuptiarum
400 925 486 962 causa
505 925 641 970 ...nam
667 912 704 963 ut
731 908 765 961 in
793 907 981 962 comoediis
1009 907 1108 962 uides
1136 908 1225 964 dici:

209 981 377 1050 sponden’
399 995 422 1035 e.
442 998 468 1048 q.
488 997 509 1036 e.
540 979 580 1035 ef.
600 979 795 1034 Lachmannus
813 978 857 1034 Kl.
878 979 954 1034 Sehr.
976 984 1035 1048 174,
1055 979 1220 1050 Spengeliue

211 1053 245 1106 de
265 1052 371 1106 emend.
382 1051 507 1105 Varrone
525 1069 553 1120 p.
568 1057 611 1119 31,
630 1050 713 1104 Thilo
732 1067 796 1106 ann.
810 1049 919 1120 philoll.
937 1055 1005 1104 1855
1023 1068 1050 1119 p.
1067 1057 1127 1106 629.
1156 1051 1223 1106 Non

210 1123 280 1177 satis
298 1122 483 1193 probabiliter
496 1121 633 1176 Dniatnko
647 1139 712 1177 ann.
726 1121 835 1192 philoll.
852 1127 921 1176 1816
935 1140 962 1191 p.
978 1126 1029 1175 238
1044 1121 1137 1191 ipsum
1150 1122 1220 1176 Var-

209 1210 305 1248 ronem
324 1193 406 1262 quasi
424 1193 588 1248 sollemnem
607 1193 638 1247 in
659 1192 810 1248 comoediis
829 1191 979 1246 formulam
997 1209 1080 1247 versu
1098 1193 1222 1248 adstrin-

211 1265 284 1319 xisse
303 1263 468 1334 suspicatur.

281 1359 445 1441 spondent.
464 1375 582 1442 guaiam
600 1372 798 1428 Rhotandeitus
817 1369 924 1439 sponde
943 1372 964 1426 t.
984 1343 1119 1440 agnetam
1136 1391 1158 1424 ω

605 1535 609 1544 ,
695 1522 738 1579 IX
1092 1537 1094 1542 .

300 1619 489 1688 Ammianus
521 1621 728 1686 Marcellinus
759 1620 902 1688 XXVIII
934 1621 969 1707 4,
997 1623 1038 1687 27
1073 1623 1221 1708 ‘cumque
1335 1617 1336 1620 '

209 1733 358 1793 mutuum
382 1729 431 1793 illi
454 1729 532 1813 quid
549 1733 673 1815 petunt,
696 1733 872 1795 soccatos
895 1733 928 1794 et
946 1728 1007 1818 (sic
1024 1728 1221 1794 Ritschelius

210 1857 317 1920 opusc.
336 1833 385 1900 ΙΙΙ
408 1835 483 1919 319,
508 1832 741 1900 OFWMueller
763 1858 834 1900 ann.
851 1835 976 1921 philoll.
998 1836 1083 1901 1873
1105 1859 1136 1920 p.
1156 1835 1221 1900 360

209 1963 341 2007 soccos
355 1945 392 2007 et
406 1941 495 2006 codd.
510 1945 698 2027 soccatos,
713 1941 772 2006 del.
787 1946 838 2027 et,
852 1941 1008 2008 Daiatnko
1022 1964 1102 2007 mus.
1117 1941 1220 2006 Rhea.

210 2049 263 2133 31,
290 2046 370 2136 379)
402 2047 590 2113 Micionas
621 2045 681 2133 (sic
713 2047 869 2113 Daiataho
901 2049 1095 2114 micaunas
1131 2048 1222 2114 codd.

209 2154 396 2220 Miciones
416 2151 566 2218 Gelenius
585 2153 757 2220 Miconas
780 2153 894 2244 vulgo)
918 2155 1069 2220 uidebis
1093 2158 1129 2220 et
1152 2155 1222 2220 La·

210 2260 353 2326 chetas:
377 2282 450 2325 cum
474 2260 648 2347 adigimtur
670 2265 707 2326 ut
729 2262 873 2348 reddant,
896 2262 942 2327 ita
960 2261 1170 2328 cothurnatos
1189 2267 1222 2328 et

210 2367 366 2454 turgidos,
388 2365 631 2450 utJHeraclidas
649 2367 723 2432 illos
744 2366 975 2453 Cresphontem
994 2372 1026 2434 et
1044 2369 1221 2434 Temenum

210 2473 324 2559 putes'
363 2472 461 2538 Micio
485 2473 646 2558 adelphon
668 2473 811 2539 Terentii
833 2475 1042 2562 intellegitur,
1064 2475 1220 2541 Lachetes
1307 2545 1309 2550 ,

209 2583 336 2664 praeter
358 2578 586 2644 Terentianum
609 2579 754 2664 Hecyrae
777 2580 885 2666 plures
907 2582 978 2646 noti
1001 2579 1054 2670 (cf.
1075 2581 1223 2646 Ritsche·

210 2687 273 2750 lius
295 2685 316 2749 l.
338 2684 359 2749 l.
383 2685 447 2750 318
471 2683 541 2772 sq).
1042 2695 1045 2702 ⁴

218 2825 222 2852 1
702 2799 729 2858 X
780 2817 781 2820 ’

210 2898 383 2964 Lache‘tem
405 2898 515 2962 audiui
537 2899 729 2983 percussisse
752 2899 914 2965 De'meam.

188 3051 190 3056 ·
284 3019 474 3086 Quintilianus
484 3019 569 3090 Vna,
582 3025 615 3073 10
627 3019 794 3075 ‘accusatiui
808 3020 997 3092 geminatione
1016 3021 1092 3075 facta
1112 3023 1221 3092 amphi-

210 3092 289 3146 bolia
308 3091 428 3146 soluitur
446 3090 582 3160 ablatiuo,
601 3093 633 3146 ut
651 3091 735 3148 illud:
754 3091 952 3146 Lachetem’
973 3109 996 3146 e.
1016 3110 1041 3160 q.
1062 3109 1082 3146 s.
1109 3093 1182 3148 ‘fiat:
1202 3111 1220 3148 a

210 3163 333 3218 Lachete
355 3179 518 3233 percussum
540 3161 692 3218 Demeam’
730 3162 840 3218 Ibidem
857 3163 922 3218 VIII
941 3170 965 3233 2,
985 3169 1018 3217 16
1041 3161 1170 3217 ‘uitanda
1189 3163 1220 3218 in

211 3234 309 3304 primis
333 3233 518 3304 ambiguitas,
546 3250 603 3288 non
626 3234 695 3288 haec
719 3233 822 3303 solum,
851 3234 885 3288 de
908 3234 987 3288 cuius
1030 3249 1111 3289 enere
1135 3251 1219 3304 supra

212 3305 319 3360 dictum
338 3308 392 3375 est,
417 3321 489 3373 quae
508 3303 646 3358 incertum
664 3304 840 3358 intellectum
857 3304 939 3376 facit,
958 3308 992 3360 nt
1009 3252 1221 3360 Thremetem

212 3375 346 3430 audiui’
367 3387 390 3430 e.
406 3393 432 3444 q.
448 3393 469 3432 s.
506 3375 636 3442 Fortasse
654 3375 750 3439 fictum
769 3375 927 3446 exemplum
946 3379 995 3432 eet.

282 3481 433 3536 Lachetem
447 3483 504 3537 ioco
518 3483 612 3550 priora
626 3481 801 3536 Chremetem
815 3485 900 3540 altero
921 3483 1111 3555 Quintilianus
1165 3483 1221 3538 De·

210 3567 294 3606 mean
311 3563 335 3621 ψ
354 3551 483 3606 dameam
501 3553 644 3624 Arycator.
664 3561 776 3624 atroque
795 3557 851 3610 loco
