2686 3910
77 1297 78 1300 ¹
163 1274 232 1344 gall.
252 1273 272 1329 (l

333 89 391 190 ⁴EX
408 136 574 192 INOERTIS
592 137 832 194 INCERTORVM
851 137 1003 194 FABVLIS
1114 139 1179 203 135

652 306 695 365 XI

166 404 203 471 Si
227 403 299 490 quis
322 427 380 490 per
403 407 507 472 omnis
529 404 611 471 mihi
634 406 710 472 deos
733 407 818 472 iuret
839 411 964 492 patrem
986 407 1159 473 Lachetem

238 527 344 582 Marius
358 526 519 581 Victorinus
534 525 601 582 CGL
616 527 655 582 VI
670 533 720 582 135
733 527 767 584 Κ,
788 527 951 584 ‘comicus
971 528 1101 598 apposito
1120 546 1177 584 ses-

166 597 290 668 quipede
308 597 339 652 in
357 597 457 652 ultima
476 597 541 652 sede
557 615 654 652 uersus
670 599 796 668 adaeque
810 599 930 654 trimetri
944 600 1077 655 reddetur
1089 603 1177 656 tetra*

166 672 280 739 metros,
299 672 344 726 utz
364 669 393 722 si
411 668 502 736 quis’
523 685 546 724 e.
566 687 592 738 q.
613 688 633 724 s.
671 670 801 725 Fortasse
820 674 849 726 et
866 670 912 724 hic
932 674 960 725 et
979 687 1097 740 sequens
1116 688 1177 727 ver-

165 739 271 795 siculus
290 739 403 796 conficti
422 742 493 794 sunt.

642 838 701 897 XII

166 939 252 1018 Quid
275 937 336 1024 ais,
359 937 514 1022 Epidico?
536 939 600 1004 tibi
623 939 749 1004 facilior
772 940 833 1004 e'rit
856 961 946 1006 amor

237 1059 343 1114 Marius
362 1059 522 1114 Victorinus
540 1060 559 1116 l.
578 1060 597 1115 l.
618 1067 652 1115 79
671 1051 711 1116 K.
732 1060 836 1115 ‘huius’
865 1061 1006 1132 (trimetri)
1034 1063 1175 1119 ‘mensura

164 1177 172 1188 .
190 1176 195 1186 .
212 1176 218 1186 .
237 1130 339 1200 incipit
357 1147 375 1184 a
394 1131 541 1186 duodecim
559 1131 676 1201 syllabis
696 1135 725 1186 et
743 1131 843 1186 crescit
862 1133 899 1186 ad
918 1133 1174 1202 septemdecim

164 1203 236 1263 item
254 1201 455 1328 setptemdecim
473 1202 658 1271 syllabarum:
678 1202 759 1272 quid
777 1202 843 1257 ais'
864 1219 887 1259 e.
903 1221 929 1271 q.
945 1221 966 1258 s.
990 1203 1089 1274 fragm.
1105 1203 1175 1258 San-

299 1271 320 1328 L
339 1273 378 1328 VI
397 1278 448 1328 639
466 1273 497 1329 Κ.
519 1273 697 1344 ‘tribrachys’

208 1413 210 1418 ,
236 1380 353 1450 Epidico
365 1380 540 1448 Gairfordius
550 1379 645 1450 opidis
654 1401 689 1435 a:
704 1382 819 1448 fortasse
833 1381 897 1436 biae
906 1396 1025 1450 persono
1038 1383 1175 1438 mutanda

163 1611 283 1678 Amare
305 1613 381 1679 nolo
404 1614 463 1678 nec
486 1612 604 1698 dolere,
629 1513 740 1678 (lll‘lriia

236 1735 343 1790 Marius
362 1733 523 1789 Victorinus
542 1733 558 1790 l.
578 1734 596 1790 l.
617 1741 650 1790 62
669 1735 702 1790 K.
724 1709 923 1790 ‘acatalectum
941 1738 1049 1806 autem,
1069 1736 1122 1806 cui,
1141 1739 1175 1791 ut

163 1823 250 1875 supra
269 1805 399 1874 diximus,
417 1821 508 1874 neque
527 1805 605 1861 deest
623 1807 661 1860 ad
679 1805 819 1876 integram
836 1806 1065 1877 coniugationem
1082 1824 1173 1877 neque

163 1877 292 1932 abundat
315 1875 478 1946 quicquam,
506 1879 539 1931 ut
562 1879 604 1932 est
626 1877 679 1932 hoc
704 1877 874 1934 trimetrum:
903 1880 1031 1933 amare’
1062 1895 1085 1933 e.
1105 1897 1131 1948 q.
1151 1897 1173 1934 s.

163 1948 268 2002 Atilius
301 1946 519 2002 Fortunatianus
547 1947 565 2003 l.
588 1947 606 2004 1.
631 1953 682 2002 287
706 1948 738 2002 K.
769 1948 938 2004 ‘trimetrum
970 1949 1173 2006 acatalectum:

162 2020 292 2074 amare’
313 2035 336 2074 e.
355 2036 381 2086 q.
402 2036 422 2072 s.
659 2061 661 2067 .

632 2116 703 2176 XIV

161 2200 324 2284 Thylacus
1174 2205 1227 2258 19¹

169 2321 172 2329 ’
234 2321 362 2374 Donatus
376 2319 407 2373 in
421 2319 483 2374 Ter.
497 2319 583 2375 Andr.
597 2319 611 2373 I
625 2326 648 2389 3,
663 2325 697 2374 21
715 2321 836 2390 ‘semper
850 2363 856 2376 .
872 2364 878 2376 .
895 2322 1051 2378 momina
1069 2323 1172 2377 comi-

162 2409 278 2446 corum
305 2407 483 2445 seruorum
510 2393 561 2445 aut
583 2407 601 2444 a
622 2391 785 2446 nationibus
813 2395 879 2446 sunt
905 2391 997 2447 indita
1024 2397 1064 2447 ut¹
1083 2393 1172 2463 Mysis

163 2464 261 2533 Syrus,
285 2465 335 2517 aut
354 2477 388 2516 ex
407 2461 599 2516 accidentibus
622 2465 654 2517 ut
675 2462 790 2532 Lesbia,
814 2463 894 2517 uelut
916 2463 1027 2518 ebriosa
1046 2481 1063 2518 a
1081 2464 1171 2519 Lesbo

161 2533 269 2602 insula,
294 2549 367 2602 quae
386 2535 429 2586 ost
447 2532 526 2587 ferax
544 2532 703 2588 suauissimi
722 2533 970 2602 candidissimique
987 2535 1062 2603 uini,
1086 2539 1136 2590 aut
1155 2553 1172 2590 a

162 2603 287 2660 moribus
307 2607 336 2660 et
354 2602 517 2658 uernilitate
535 2605 568 2657 ut
585 2603 752 2673 Pseudulus‚
777 2607 827 2658 aut
850 2621 884 2658 ex
902 2605 1016 2675 negotio
1035 2609 1067 2660 ut
1086 2606 1172 2676 Chry-

161 2675 252 2744 salus,
282 2677 341 2730 aut
364 2691 403 2729 ex
425 2673 599 2742 qualitate
623 2673 774 2744 corporis
797 2678 830 2730 ut
852 2675 1037 2746 Thylaous‚
1061 2680 1111 2732 aut
1135 2694 1169 2732 ex

160 2747 255 2816 specie
273 2746 379 2800 formae
398 2747 431 2800 ut
447 2745 614 2800 Pinacium)

167 2899 171 2911 .
211 2907 213 2911 ,
233 2852 357 2907 chilacus
377 2852 444 2906 Por.
462 2851 490 2906 A

233 2959 378 3028 Subiungo
398 2957 496 3012 statim
513 2957 636 3026 reliquos
653 2958 752 3013 comici
766 2958 867 3014 coloris
881 2959 1041 3030 versiculos,
1057 2961 1091 3015 de
1106 2961 1168 3030 qui-

160 3031 214 3086 bus
233 3033 329 3084 tamen
348 3027 466 3100 singulis
485 3028 632 3082 decernere
648 3046 704 3084 non
718 3029 816 3100 ausim,
836 3030 882 3084 oui
894 3031 1073 3100 potissimum
1086 3031 1169 3086 fabu-

160 3101 253 3156 larum
271 3100 367 3172 generi
387 3099 445 3154 sint
462 3099 629 3155 ascribendi.

638 3214 693 3274 XV

160 3367 168 3382 .
193 3368 199 3380 .
224 3369 230 3380 .
253 3315 452 3382 halofc'ntam
473 3315 658 3383 mendacem
680 3316 759 3382 uelit
1190 3337 1225 3386 20

167 3475 169 3483 ν
231 3437 339 3492 Nonius
357 3437 761 3508 p.²·1ao‚ra‘hclofcntcm
780 3481 830 3496 ...
849 3437 966 3493 Plautus
985 3438 1073 3510 (Cure.
1091 3443 1169 3510 463):

159 3507 337 3563 halofantam
365 3511 415 3564 aut
441 3509 644 3578 sycophantam
671 3509 761 3579 magis
789 3525 849 3564 esse
877 3509 977 3565 dicam.
1015 3513 1048 3564 et
1077 3510 1169 3565 alius
