2666 3914
196 142 238 208 58
524 139 709 196 CAECILIVS
728 139 878 195 STATFVS

348 333 688 396 HYPOBOLIMAHVS
717 333 1058 396 CHAHRESTRATVS

145 465 179 514 85
197 447 284 514 Nam
306 448 369 512 isba
391 447 521 532 quidem
543 467 629 510 noxa
649 445 807 510 muliebre
831 449 880 510 esi
899 447 1003 534 magis
1022 447 1119 532 quam
1136 447 1210 512 uiri.

267 567 367 622 Festus
385 586 412 638 p.
424 574 475 622 174
485 567 522 622 M.
544 567 646 621 ‘noxa
663 569 813 636 peccatum
827 567 877 621 aul
890 583 941 637 pro
955 571 1073 637 peccabo
1086 584 1208 649 poenam

195 671 231 680 -
249 639 331 708 item,
350 657 414 693 cum
431 639 478 694 lex
495 638 576 693 iubeb
592 654 683 692 noxae
702 638 812 707 dedere,
831 655 882 708 pro
899 641 1017 708 peccato
1035 639 1102 693 dedi
1119 639 1207 695 iubet.

196 710 334 766 Caecilius
361 709 392 764 in
418 709 691 780 Hypobolimaeo
720 710 957 764 chaercstalo:
984 710 1066 764 nam’
1095 727 1118 766 e.
1138 728 1164 780 q.
1185 729 1206 766 s.

196 781 450 853 (Chaerestrato
470 781 605 852 Scaliger)

265 888 354 943 istaec
375 889 528 945 Gracertue
612 887 749 942 muliebre
768 891 812 942 est
828 889 948 943 Bothius
965 889 1010 959 (of.
1029 888 1087 944 Leo
1104 888 1148 943 Pl.
1170 889 1207 944 F.

195 963 258 1030 259)
280 959 447 1015 muliebrem
471 960 501 1014 et
527 961 584 1014 cod.
612 957 757 1012 muliebris
781 961 825 1012 cst
847 959 965 1015 Vrsinus
991 959 1151 1015 muliebrist
1175 959 1207 1016 0.

195 1032 360 1100 Muellerus,
385 1032 462 1087 Bria
485 1032 523 1085 ad
547 1031 647 1085 Plauti
670 1032 726 1084 mil.
747 1034 798 1084 187
816 1029 956 1084 mulierist
982 1030 1136 1088 &aanor

194 1102 319 1157 mulieris
336 1101 428 1172 magis
447 1117 533 1170 quam
551 1100 606 1154 uiri
624 1103 668 1155 est
686 1101 842 1156 Meiacleicc
860 1101 938 1156 Mea.
953 1118 983 1170 p.
1004 1107 1054 1156 172

397 1320 739 1384 HYPOBOLIMAEVS
766 1321 1003 1381 RASTRARIA

263 1439 304 1495 Cf.
322 1439 503 1494 Woelfflinus
521 1456 591 1494 mus.
612 1438 701 1493 Rhcn.
721 1444 764 1509 43,
785 1443 844 1493 308.

689 1573 705 1631 Ι

193 1673 371 1740 Obsurduib
393 1673 458 1738 iam
479 1673 559 1738 haec
581 1672 616 1738 in
638 1696 710 1738 mea
733 1695 885 1738 aerumna
907 1671 1045 1738 miseria.

262 1795 371 1850 Nonius
396 1800 455 1863 147,
480 1802 495 1848 3
525 1794 737 1850 ‘obsorduib’
766 1793 962 1865 (obsurduit
995 1795 1049 1864 Ba,
1086 1794 1117 1848 in
1148 1812 1204 1865 quo

192 1866 295 1921 lemma
313 1866 404 1921 solum
422 1868 510 1936 extat)
531 1865 691 1921 ‘obsolcuib
720 1865 858 1920 Caecilius
877 1865 927 1935 Hy
957 1865 1052 1921 ouoli
1070 1865 1206 1922 Histra·

192 1937 254 1993 ria:
270 1937 426 1992 obsorduit’
438 1954 522 2006 e.q.s.
535 1937 661 2010 (hypob
681 1936 852 1992 rastraria
866 1937 914 1990 HL
959 1937 1206 2008 ypobolimaea

192 2008 373 2063 Rastraria
392 2008 527 2080 Scaliger)

262 2114 408 2170 obsorduit
425 2137 460 2172 o:
479 2117 513 2184 cs.
533 2117 571 2171 od
589 2121 631 2184 95,
651 2121 667 2169 2
690 2177 692 2181 ,
739 2131 802 2168 mea
821 2115 1011 2172 Fleckeieeaus
1029 2131 1073 2169 me
1093 2136 1114 2170 ω

681 2263 713 2322 Π

191 2365 231 2431 In
252 2366 346 2431 uoltu
368 2366 493 2450 codem,
516 2365 551 2429 in
574 2364 684 2429 ea‘dem
706 2367 831 2430 mantal
853 2363 986 2429 malitia.

261 2487 369 2542 Nonius
393 2492 457 2556 505,
476 2491 511 2540 23
536 2485 684 2541 ‘maniat
705 2502 756 2556 pro
779 2488 884 2544 manci.
920 2484 1057 2542 Caecilius
1081 2453 1203 2558 Hypob

155 2609 156 2614 ,
190 2559 385 2614 Rasbraria:
404 2558 434 2612 in
451 2557 543 2612 uoltu’
564 2573 587 2612 c.
607 2575 634 2626 q.
653 2575 675 2614 s.

674 2689 721 2749 ΙΠ
907 2768 909 2773 .

191 2792 260 2858 Hos
282 2791 470 2878 siugulatim
493 2791 617 2876 sapere,
639 2812 698 2856 uos
721 2791 827 2856 minus
850 2791 999 2856 arbitror.

261 2911 492 2982 Nonius176‚7
519 2911 741 2982 ‘singulatim
768 2916 798 2967 et
824 2911 993 2983 singillatim
1033 2912 1204 2984 asingulis.
1322 2961 1323 2972 r

192 2983 329 3040 Caecilius
348 2983 522 3054 Hypoboli
540 2983 734 3040 Rasbraria:
753 2984 815 3039 hos’
837 3000 859 3040 e.
880 3001 906 3053 q.
926 3002 947 3040 s.
1322 2987 1323 2994 ’

260 3108 312 3146 nos
331 3107 353 3146 s.
373 3108 394 3144 s.
413 3107 470 3145 non
488 3091 607 3146 Bolhius

672 3224 716 3283 IV

191 3324 315 3391 Raberc
339 3347 374 3390 se
397 3324 444 3390 ait

259 3447 368 3502 Nonius
388 3452 432 3516 40,
452 3453 467 3500 3
490 3447 629 3502 ‘rebare
652 3447 760 3501 dictum
783 3450 826 3503 cst
849 3448 966 3504 arabia
1014 3483 1020 3494 ·
1038 3491 1045 3504 .
1064 3447 1204 3505 Caecilius

190 3518 460 3588 Hypobolimaeo
478 3518 681 3574 Rastrabia:
699 3536 721 3573 r.
736 3536 757 3574 s.
772 3521 809 3576 a.’
830 3519 1051 3592 (bipolimaeo
1069 3523 1205 3577 rastra—
