2668 3904
181 167 248 232 334
293 226 294 230 ¹
419 167 567 222 INCERTI
585 166 739 222 Nomius
757 165 953 232 aaarovrra

254 325 403 381 Suetonius
426 326 487 380 vita
505 326 612 380 Tiberii
630 333 664 380 45
685 327 770 380 ‘unde
793 328 872 381 nota’
893 327 1005 394 l‘mora'
1022 325 1142 380 Rothius
1161 343 1200 379 ex

182 398 296 467 optimis
314 397 405 467 libris)
423 397 454 450 in
472 397 671 452 Atellanico
690 397 812 452 exodio
830 397 964 467 proximis
983 397 1058 451 ludis
1077 414 1198 451 assensu

181 469 303 523 maximo
336 472 454 539 excepta
484 468 670 539 percrebruit:
706 469 839 523 hircum
872 468 1027 523 uetulum
1059 468 1199 538 capreis

181 543 340 594 naturam
362 539 547 610 ligurrire.'

252 647 397 702 Sotadiwm
414 649 517 713 octavi,
535 649 675 702 senorium
692 646 805 717 ligdrrit
822 649 953 701 naturam
971 647 1065 701 hircus
1082 646 1199 701 uetulus

183 717 298 787 Capreis
316 719 378 773 Boe
392 720 538 788 proposuit

672 850 700 906 V

175 949 325 1034 ‘Pylaeus
349 952 465 1036 πάτερ,
488 952 618 1034 ὑγίαινε
637 959 738 1034 μῆτερ
784 1003 790 1014 .
838 1003 843 1015 .
891 1004 896 1014 .

591 1057 782 1135 *ἡ*

145 1186 161 1233 5
226 1163 328 1230 Orcus
351 1163 445 1228 uobis
469 1163 557 1227 dulcit
578 1129 688 1247 pedes¹
722 1216 727 1228 .
775 1217 781 1228 .
829 1217 834 1228 .
882 1217 888 1228 .

252 1284 401 1339 Suetonius
415 1285 476 1339 uita
490 1285 608 1339 Neronis
624 1291 657 1339 39
674 1285 791 1338 ‘Datus
806 1285 1046 1341 Atellanarum
1064 1287 1197 1342 histrio

180 1357 215 1410 in
233 1356 370 1410 cantico
390 1356 534 1425 quodam
551 1358 689 1426 ὑγίαινε
712 1355 832 1424 πάτερ,
856 1355 992 1425 ὑγίαινε
1016 1367 1118 1428 μῆτερ
1141 1359 1197 1413 ita

181 1429 492 1496 demonstrauerat‚
519 1429 555 1480 ut
577 1426 754 1482 bibentem
776 1431 1022 1497 natantemque
1045 1429 1196 1499 iaceret,

180 1498 287 1553 exitum
306 1498 415 1552 scilicet
433 1498 534 1552 Claudi
552 1497 780 1577 Agrippinaeque
800 1498 975 1568 significans:
1000 1503 1029 1554 et
1047 1500 1079 1572 ¹in
1097 1501 1194 1555 nouis-

181 1570 252 1624 sima
276 1569 415 1625 clausula:
444 1569 549 1623 Orcus
572 1569 672 1623 uobis
696 1569 793 1624 ducit
817 1571 934 1640 pedes,
959 1574 1087 1626 senatum
1110 1576 1194 1640 gestu

179 1643 302 1694 notarat.
338 1639 510 1694 Histrionem
534 1642 562 1694 ct
585 1640 794 1711 philosophum'
814 1640 962 1712 (Isidorum
986 1642 1132 1711 Cynicum,
1158 1644 1195 1697 de

180 1728 236 1780 quo
260 1728 350 1766 sermo
373 1711 476 1781 fuerat)
501 1711 590 1764 ‘Nero
612 1712 685 1764 nihil
708 1711 829 1781 amplius
852 1730 937 1780 quam
961 1714 1029 1767 urbe
1052 1713 1196 1782 Italiaque
1289 1732 1299 1744 ·

181 1782 333 1836 summouit
356 1782 402 1836 uel
425 1785 587 1852 contemptu
611 1782 701 1837 omnis
723 1783 858 1837 infamiae
881 1783 928 1838 uel
951 1801 986 1838 ne
1008 1785 1124 1840 fatendo
1143 1785 1195 1839 do-

180 1854 270 1908 lorem
287 1853 412 1907 irritaret
430 1853 564 1923 ingenia!

181 2035 200 2088 d
253 1967 314 2030 leq.
335 1962 433 2016 Versus
450 1962 557 2030 prioris
579 1963 686 2018 aanwri
707 1962 833 2030 ambici,
854 1963 968 2018 alterius
992 1964 1131 2018 bacchioci
1153 1965 1195 2017 oi-

200 2040 281 2088 cntur
298 2049 352 2088 esse

663 2147 707 2205 VI

181 2249 217 2314 Si
240 2249 318 2333 quid
345 2248 546 2313 monumenti
570 2249 667 2311 nicta
689 2251 739 2312 est
765 2249 820 2332 qui
844 2270 917 2313 eum
940 2247 1124 2332 requireret.
1149 2287 1194 2296 -

180 2356 241 2422 Est
264 2356 417 2442 singulus,
442 2377 537 2439 quem
561 2355 590 2419 ei
613 2353 693 2438 <ui>
717 2355 856 2419 detraxit
879 2355 977 2419 ebrio.

251 2477 350 2531 Festus
373 2495 401 2546 p.
416 2483 468 2531 375
492 2478 529 2532 M.
555 2475 718 2546 ‘ungulus
743 2475 877 2530 Oscorum
899 2476 998 2546 lingua
1021 2475 1133 2544 anulus,
1160 2479 1196 2530 ut

182 2592 298 2604 ......
318 2547 347 2602 si
370 2547 467 2616 quid’
488 2565 510 2602 e.
526 2566 552 2616 q.
568 2566 588 2602 s.
628 2546 782 2601 ‘Pacuuius
805 2547 836 2601 in
858 2546 949 2602 Iliona
970 2547 1007 2619 [X
1060 2548 1077 2603 .’
1114 2547 1194 2600 inter

180 2620 329 2675 Atellanae
348 2618 506 2688 fragmenta
524 2619 634 2688 reliqui,
654 2617 721 2686 quia
735 2617 838 2672 Oscum
856 2635 917 2672 esse
935 2619 1044 2673 vocabu
1057 2636 1102 2671 um
1120 2617 1194 2672 dicit

179 2693 291 2758 Festus;
316 2707 487 2758 quamquam
505 2690 620 2744 minime
639 2692 745 2743 certum
763 2689 793 2742 id
812 2706 872 2743 esse
893 2689 1086 2745 testimonium
1104 2689 1194 2743 nemi-

182 2779 248 2816 nem
265 2761 362 2830 fugere
380 2764 481 2830 potest.

253 2875 267 2922 1
292 2867 340 2936 qui
364 2884 428 2920 eum
450 2868 660 2923 Iliademouuus
685 2867 733 2936 qui
757 2884 852 2922 eorum
875 2869 932 2923 cod.
960 2885 1030 2936 quor
1055 2867 1085 2923 0.
1101 2867 1194 2922 Muel-

181 2942 252 2996 lerus
324 2938 385 2993 2ei
404 2939 434 2992 ui
451 2942 551 3009 scripsi
568 2939 595 2994 ei
613 2941 670 2995 eod.
690 2938 789 2992 ennius
809 2941 868 2994 Vat.
884 2941 912 2995 R

653 3125 713 3182 VH

181 3231 292 3274 casnar

251 3329 340 3384 Varro
364 3330 398 3384 de
421 3330 439 3384 l.
459 3329 543 3385 LVII
562 3335 596 3383 29
617 3330 654 3384 M.
680 3330 825 3382 ‘cascum
852 3331 933 3382 uetus
962 3345 1022 3383 esse
1050 3327 1195 3399 signifieat

180 3400 287 3454 Ennius
312 3443 361 3456 ...
386 3401 455 3454 item
478 3401 603 3455 ostendit
620 3399 722 3472 Papini
741 3399 942 3471 (1.‘P0mpili’)
961 3399 1193 3471 ἐπιγραμμάτιον,

181 3471 258 3539 quod
278 3471 309 3524 in
329 3471 538 3526 adulescentem
555 3473 662 3526 fecerat
680 3469 796 3526 Cascam
815 3515 821 3525 .
838 3516 843 3526 .
860 3516 865 3525 .
884 3471 954 3524 item
973 3471 1097 3526 ostendit
1115 3471 1193 3540 quod

182 3541 317 3612 oppidum
334 3546 453 3596 uocatur
469 3542 601 3597 Casinum
621 3585 626 3598 .
643 3585 648 3598 .
665 3586 671 3597 .
690 3541 760 3597 item
778 3542 920 3612 significat
937 3542 968 3597 in
982 3542 1120 3598 Atellanis
1139 3541 1193 3597 ali-
