2668 3904
486 161 622 218 NOVIVS
658 163 832 218 MVMMIVS
1100 163 1164 229 331

151 322 294 391 Nouius,
323 325 353 376 et
379 322 458 378 iocus
481 326 524 378 cst
546 321 712 377 familiaris:
742 322 880 392 sapiens
980 326 1116 392 tremes,
1136 324 1166 377 et

150 395 210 448 alia
226 394 386 465 permulta’

622 545 696 603 XIII

149 646 230 732 (Si)
253 646 418 711 silliturus
441 646 540 710 istaec
563 649 625 730 est,
647 646 776 710 mittam
799 646 906 710 salem.

221 767 382 822 Priscianus
405 786 432 837 p.
448 774 500 823 910
523 769 553 821 Ρ.
579 765 672 821 ‘sallio
699 766 825 820 sallitum
848 767 930 837 facit,
959 767 1031 822 sallo
1059 767 1165 821 salsum

152 883 202 895 ...
222 837 347 893 Lucilius
366 838 397 892 in
415 838 492 894 VIII:
517 838 617 892 sallere
637 881 642 892 .
659 881 686 892 ..
706 838 774 892 lude
798 837 885 892 etiam
906 838 1058 908 participia
1076 839 1164 892 futuri

150 910 337 964 salliturus
356 913 385 964 et
404 909 535 966 salsurus.
567 908 688 964 Nouius:
711 908 856 962 salliturus
876 954 881 964 .
899 955 904 966 .
921 955 926 966 .
946 910 1041 965 salem.
1074 909 1163 963 Mum-

149 981 233 1036 mius’
254 998 278 1035 e.
293 999 320 1050 q.
336 999 355 1035 s.
381 980 526 1050 (Nouius
544 980 642 1034 Bamb.
666 979 789 1034 neuius
808 981 891 1035 Halb.
907 981 990 1036 Barh.
1014 980 1164 1049 lucuius‚

150 1053 205 1107 del.
221 1056 250 1106 et
264 1069 323 1121 sup.
343 1051 478 1118 neuius,
497 1053 565 1120 ch.
590 1050 691 1104 incui'
711 1051 798 1121 Bong.
823 1052 935 1106 lucius
956 1052 1033 1107 Grut.
1056 1051 1163 1106 liuius

150 1124 266 1178 Carolir.
289 1123 435 1177 lucilius
458 1124 555 1193 sang„
579 1123 614 1176 de
637 1139 693 1191 quo
716 1123 864 1176 tamenin
888 1123 1011 1178 editione
1035 1123 1164 1177 Hertzius

151 1195 225 1248 nihil
242 1197 375 1266 testatur)

221 1301 292 1356 istec
310 1307 326 1355 e
345 1300 490 1355 salliturus
504 1302 590 1356 Barb.
633 1302 729 1356 Vtrum
743 1303 786 1354 est
802 1319 841 1355 au
859 1317 888 1354 cs
907 1303 997 1357 uerius
1014 1303 1051 1357 sit
1069 1303 1164 1356 drtbc'to

151 1426 268 1551 XXVII}
284 1425 349 1480 XIV
375 1425 484 1479 Naevio
512 1423 637 1494 reddidi,
665 1423 744 1477 cuius
768 1424 842 1478 inter
864 1424 917 1480 inc.
940 1442 1009 1480 com.
1030 1425 1064 1480 fr.
1085 1427 1164 1479 extat

631 1647 686 1704 XV

150 1730 284 1795 dicteria

221 1851 381 1907 Macrobius
397 1851 491 1907 Satn
506 1857 575 1922 1,14
596 1851 740 1906 ‘Nouius
759 1869 826 1907 uero
841 1852 1067 1922 Pomponiusque
1085 1852 1163 1907 iocos

149 1941 207 1978 non
224 1941 288 1978 raro
308 1923 459 1978 dicteria
476 1923 643 1978 nominant.’
665 1923 805 1992 (Neuius
823 1924 922 1978 Bamb.
938 1923 1019 1994 (suu.)

220 2029 322 2085 Nescio
340 2032 414 2085 unde
430 2030 558 2085 hauserit
572 2030 698 2101 Scaliger
717 2031 793 2098 quod
811 2047 845 2085 ex
861 2029 1013 2084 ‘Vincentii
1029 2030 1161 2100 epistola’

150 2100 320 2170 Bernaysius
338 2121 365 2172 p.
381 2108 432 2156 249
456 2102 523 2156 libri
547 2101 590 2155 sui
609 2101 770 2170 descripsit:
792 2103 954 2156 ‘concacare
976 2101 1081 2156 lectum
1098 2103 1163 2156 bar-

149 2171 249 2225 barum
265 2175 315 2228 est.
348 2189 497 2243 percacare
516 2173 666 2226 dicendum
685 2175 753 2241 erat,
773 2175 805 2226 ut
824 2171 954 2226 Nouius
971 2172 1162 2226 Atellanarius

149 2242 223 2296 dixit
243 2245 460 2312 permerdare
479 2243 642 2312 aliquem
665 2243 765 2297 Graeci
783 2241 945 2314 καταχέζειν
963 2242 1057 2307 τινός)

497 2608 818 2698 MVMMIVS

428 2804 482 2862 EX
504 2802 690 2864 INOERTIS
713 2801 883 2860 FABVLIS

648 2927 664 2986 Ι
847 3010 1002 3094 †riunius

150 3115 212 3180 'Ad
235 3118 417 3201 spectacula
440 3119 488 3183 e'st
510 3119 628 3203 uidere,
651 3118 686 3180 in
708 3118 794 3181 te‘stu
815 3119 971 3201 quantum
994 3118 1037 3181 sit
1058 3123 1162 3202 caput.

222 3255 364 3310 Charisius
378 3275 405 3326 p.
418 3263 468 3312 118
482 3258 512 3312 P.
532 3258 649 3326 ‘testu‚
668 3259 701 3310 ut
718 3273 792 3326 genu
811 3255 926 3309 Flauius
945 3255 1034 3325 Caper
1052 3259 1162 3311 ueteres

149 3326 192 3380 ait
204 3327 248 3381 uti
265 3327 371 3383 solitos.
404 3328 581 3382 Mummius
600 3328 635 3382 in
653 3327 825 3382 atellanis
843 3326 980 3380 riunius
1000 3328 1037 3381 ad
1052 3332 1161 3397 specta-

150 3398 225 3451 cula'
246 3415 269 3452 e.
284 3417 310 3467 q.
326 3417 347 3453 s.
371 3399 544 3468 (Atellana
563 3399 684 3453 Junius
703 3400 746 3453 ed.
763 3417 803 3468 pr.
827 3398 1007 3452 Atellania
1026 3399 1161 3453 riunius

149 3468 241 3522 edidit
260 3469 368 3523 Keilius
389 3473 422 3524 A.
441 3470 599 3524 Ricinius
623 3470 694 3524 coni.
714 3468 843 3524 Hertzius
867 3469 1012 3523 Riuinus
1036 3471 1162 3526 coniece-

148 3556 218 3609 ram‚
238 3541 287 3594 sed
304 3541 428 3596 Riuino
443 3545 612 3611 expectares.
642 3542 681 3598 uf.
699 3541 841 3597 Onomast.
855 3540 982 3612 ‘riuinus‚
997 3541 1160 3614 dvrignlor’.
