2668 3904
471 177 630 234 usumve
650 177 828 233 LABERIVS
1089 179 1153 242 361

145 355 264 392 nuncu
338 337 386 392 Aa
409 337 498 406 quor?
584 343 618 392 24
641 337 778 392 iocundae
801 359 823 391 ω
909 343 943 391 et
965 338 1065 392 1¹edera
1089 339 1155 393 Por.

199 415 233 464 26
253 412 352 464 enecat
369 411 436 466 Par.
454 411 539 464 necat
558 430 579 478 φ
652 415 685 463 27
705 408 860 478 sepulchris
878 410 926 464 Ba

634 577 666 636 Π

144 679 259 765 Porro,
283 677 436 757 Quirites!
468 675 653 743 libertatem
676 668 847 764 perdimus.

629 863 676 921 HI

145 961 282 1029 Necesse
306 967 354 1028 est
376 963 497 1029 multos
520 963 635 1029 timeat
658 985 753 1048 quem
775 962 874 1030 multi
894 963 1018 1028 timent.

218 1085 324 1140 Seneca
343 1085 378 1139 de
396 1084 439 1139 ira
457 1086 484 1140 H
503 1091 545 1155 11,
564 1092 580 1139 3
601 1087 740 1140 ‘occurrat
758 1085 811 1140 hoc
830 1085 892 1140 loco
911 1083 965 1138 tibi
983 1083 1155 1140 Laberianus

145 1155 194 1210 ille
218 1173 328 1225 uersus,
356 1155 405 1225 qui
427 1156 538 1211 medio
564 1155 665 1210 ciuili
692 1155 787 1211 bello
814 1155 850 1210 in
876 1157 1014 1211 theatro
1043 1155 1156 1210 dictus

145 1230 238 1282 totum
265 1227 296 1281 in
322 1243 352 1281 se
379 1227 515 1308 populum
541 1245 599 1282 non
624 1222 707 1282 aliter
732 1227 884 1297 conuertit,
911 1245 996 1296 quam
1021 1226 1046 1280 si
1070 1226 1157 1280 missa

146 1301 221 1353 esset
239 1314 294 1352 uox
311 1298 419 1368 pubhci
438 1298 578 1354 adfectus:
597 1299 749 1353 necesse’
765 1315 788 1354 e.
799 1317 825 1367 q.
837 1317 857 1354 s.
891 1297 931 1353 Cf.
948 1297 1010 1368 Syri
1024 1300 1156 1352 11111338

146 1369 331 1424 111111217
354 1369 512 1438 11121111.
541 1370 752 1425 Pseudoseneca
776 1371 811 1424 de
833 1369 957 1424 moribus
981 1373 1014 1423 61
1043 1371 1072 1423 11
1095 1369 1155 1423 cod.

146 1440 272 1495 Gusauus
290 1459 317 1509 p.
334 1446 384 1494 113
408 1440 467 1508 ‘qui
491 1458 508 1495 a
530 1441 628 1496 multis
651 1441 779 1512 timetur,
802 1441 906 1496 multos
929 1440 1030 1495 timet!
1068 1442 1157 1494 Auso-

145 1512 209 1565 nius
228 1513 336 1580 septem
355 1528 413 1580 sap.
430 1514 500 1566 sent.
518 1519 543 1581 4,
561 1518 577 1566 t
595 1531 622 1582 p.
634 1518 685 1567 150
699 1513 744 1568 W.
765 1511 872 1566 ‘multis
891 1510 1026 1566 terribilis
1044 1509 1154 1566 timeto’

145 1583 193 1652 (al.
210 1583 343 1652 ‘caueto’)
364 1582 498 1637 ‘multos’
537 1582 622 1638 Solon
646 1584 721 1653 apud
744 1584 847 1638 Anton.
867 1582 971 1638 Meliss.
991 1599 1071 1636 serm.
1092 1583 1157 1651 περὶ

146 1653 279 1744 flaccidae
297 1653 396 1722 (Orelli
410 1670 503 1723 opusc.
517 1654 613 1710 Graec.
629 1655 858 1724 1111116219)
876 1653 891 1708 ὁ
907 1659 1019 1718 πολλοῖς
1037 1654 1157 1778 pegasis

147 1746 186 1780 ων
203 1725 321 1788 πολλοὺς
339 1723 484 1798 φοβείσθω
504 1728 533 1780 11
551 1725 609 1781 1111.
639 1725 679 1780 Of.
693 1725 854 1780 Macrobius
873 1725 1005 1780 laudatus
1020 1726 1057 1779 ad
1102 1769 1107 1781 .
1122 1725 1155 1778 H.

630 1911 672 1970 IV

145 2011 221 2078 Non
243 2013 379 2096 possunt
400 2013 498 2098 primi
522 2036 589 2078 esse
613 2015 723 2078 dmnes
747 2013 835 2078 omni
858 2013 893 2078 in
916 2015 1068 2097 tempore.

147 2117 316 2183 Summum
339 2119 379 2182 ad
404 2119 539 2205 gradum
562 2142 636 2184 cum
659 2119 816 2184 claritatis
837 2119 976 2205 ueneris,

147 2223 310 2290 Consistes
333 2223 553 2311 aegre‚n1‘ctu
576 2225 671 2289 citius
695 2225 829 2290 decidas.

148 2329 255 2396 decidi
279 2333 352 2417 e'go,
375 2331 467 2395 cadet
490 2330 546 2415 qui
569 2331 728 2414 sequitur:
751 2331 821 2394 laus
844 2335 893 2395 est
914 2330 1052 2415 publica.
1160 2345 1210 2393 130

217 2451 377 2506 Macrobius
395 2451 453 2506 Sat.
467 2451 494 2505 H
513 2455 536 2519 1,
553 2457 568 2505 7
588 2451 737 2522 (Publilius
757 2451 852 2521 Syrus)
872 2453 947 2505 ‘curn
964 2451 1064 2505 mimos
1083 2469 1157 2507 com-

146 2526 264 2593 poneret
286 2523 292 2534 '
334 2522 448 2590 entique
467 2523 588 2576 adsensu
610 2521 641 2576 in
658 2522 759 2578 Italiae
778 2522 890 2592 oppidis
909 2539 992 2592 agere
1011 2522 1156 2592 coepisset,

146 2595 299 2664 productus
361 2610 423 2648 mae
446 2610 497 2662 per
515 2593 642 2648 Caesaris
660 2594 755 2664 ludos,
779 2593 943 2662 omnesqui
965 2596 1033 2647 tunc
1052 2593 1157 2663 scripta

147 2668 176 2720 et
199 2681 297 2734 operas
317 2682 382 2719 suas
404 2664 435 2718 in
456 2680 587 2718 scaenam
605 2665 770 2719 locaueraut
792 2664 971 2735 prouocauit,
995 2667 1028 2718 ut
1051 2665 1157 2734 singuli

147 2753 242 2791 secum
258 2735 353 2806 posita
370 2736 493 2790 inuicem
511 2735 631 2790 materia
648 2753 699 2805 pro
718 2738 843 2805 tempore
862 2736 1070 2790 contenderent.
1098 2737 1157 2790 Nec
1211 2774 1215 2778 -

146 2807 205 2861 ullo
228 2810 375 2862 recusante
399 2806 543 2876 superauit
566 2823 674 2872 omnes,
697 2807 808 2876 inquis
830 2810 859 2861 et
881 2807 1038 2862 Laberium.
1075 2807 1156 2862 Vnde

147 2879 250 2934 Caesar
273 2878 404 2932 adridens
427 2879 480 2932 hoc
502 2878 586 2932 modo
610 2878 818 2948 pronuntiauit:
846 2878 986 2932 fauente
1013 2878 1081 2932 tibi
1107 2895 1156 2932 me

147 2952 261 3003 uictus
285 2966 333 3019 es,
356 2949 492 3018 Laberi,
516 2952 534 3003 a
556 2949 651 3019 Syro:
675 2949 827 3018 statimqne
845 2949 968 3004 Publilio
985 2950 1110 3019 palmam
1128 2952 1157 3004 et

147 3020 265 3075 Laberio
285 3020 401 3075 anulum
419 3037 535 3074 aureum
553 3037 616 3074 cum
630 3021 791 3090 quingentis
807 3020 944 3075 sestertiis
963 3020 1050 3075 dedit.
1078 3021 1157 3074 Tunc

147 3092 286 3147 Publilius
301 3093 338 3146 ad
354 3091 505 3146 Laberium
518 3092 696 3146 recedentem
714 3091 767 3148 ait:
786 3095 922 3160 quicum
940 3091 1157 3146 contendisti

148 3163 309 3234 scriptor,
333 3164 421 3218 hdnc
444 3165 621 3232 spectator
644 3163 796 3219 subleua.
834 3163 889 3218 Sed
912 3165 942 3217 et
961 3162 1096 3217 Laberius
1115 3179 1157 3216 se-

148 3235 245 3303 quenti
268 3234 366 3290 statim
389 3234 582 3289 commissione
606 3233 692 3288 mimo
714 3251 789 3290 nouo
812 3233 954 3289 interiecit
976 3234 1027 3288 hos
1046 3250 1155 3289 uersum

147 3307 438 3431 ¹13⁰b19⁰⁸⁸¹i1¹1²t’te'
451 3324 480 3447 ξ.
496 3324 516 3361 s.
541 3304 727 3377 (Publilius
748 3322 850 3360 nomen
870 3305 984 3360 exhibet
1001 3305 1089 3360 Paris.
1108 3304 1158 3358 ubi

174 3395 193 3430 u
238 3395 290 3432 1us
308 3397 324 3432 v
358 3395 395 3448 ga
408 3395 449 3432 ur.

220 3489 235 3536 3
259 3483 444 3538 consistentes
462 3483 554 3538 Polat.
636 3498 727 3553 agere,
745 3499 805 3552 sup.
830 3499 903 3553 egre,
925 3483 997 3538 aad.
1077 3482 1156 3536 nictu

148 3556 247 3624 scripsi
268 3571 320 3609 nec
338 3555 413 3610 Med.
433 3557 475 3612 ab
496 3570 548 3621 nec
568 3554 651 3626 Aapl.
671 3555 745 3610 Med.
765 3572 779 3610 c
802 3557 831 3609 et
854 3575 875 3625 φ
966 3553 1048 3609 citius
1072 3571 1157 3622 quam
