2694 3906
182 175 245 239 150
352 175 402 228 EX
420 175 586 230 INCERTIS
605 173 846 229 INCERTORVM
864 174 1017 228 FABVLIS

251 335 356 390 Seneca
375 335 456 404 epist.
476 341 523 403 94,
542 341 575 389 28
597 333 744 403 ‘numquid
762 334 900 389 rationem
924 333 1031 404 exiges,
1057 352 1120 388 cum
1138 333 1195 388 tibi

180 405 282 474 aliquis
301 406 352 460 hos
372 405 474 460 dixerit
492 415 607 462 uersus?
643 405 864 460 Iniuriarum’
886 422 908 461 e.
928 424 954 474 q.
975 423 995 459 s.
1020 405 1111 476 (Publ.
1132 405 1192 473 Syr.

180 480 250 532 sent.
270 483 321 531 222
340 478 378 530 121
397 505 430 523 =
450 483 502 532 222
520 478 565 534 W.
584 477 597 531 1
616 483 648 530 21
669 478 716 546 Μ.)

621 645 746 704 LXXIV

182 746 239 814 sae
262 747 408 812 celeriter
430 749 469 811 fit
492 746 649 831 quidquid
672 748 728 812 fiet
751 747 830 811 22222
853 747 943 812 beue.

251 869 400 924 Suetonius
421 869 517 923 Octav.
537 873 572 922 25
592 867 700 922 ‘crebro
723 867 820 936 itaque
843 867 895 924 illa
918 869 1059 924 iactabat:
1089 871 1193 924 σπεῦδε

180 938 304 1012 βραδέως
327 944 356 994 22
378 941 507 1011 ἀσφαλὴς
529 938 582 1009 γάρ
606 937 661 994 ἐστ’
683 937 806 1008 ἀμείνων
829 937 846 1008 ἢ
870 943 980 1008 θρασὺς
1005 939 1194 1010 στρατηλάτης

180 1014 221 1067 et:
242 1015 295 1066 sat
314 1011 477 1066 celeriter
495 1010 576 1065 fieri
595 1029 620 1079 q.
640 1010 708 1064 fiat
727 1029 746 1064 2.
768 1010 806 1064 b.’
840 1011 971 1066 Fortasse
990 1013 1060 1066 haec
1079 1028 1192 1080 quoquc

179 1082 264 1136 mimo
283 1084 426 1138 reddenda
445 1085 518 1137 sunt.

223 1205 228 1214 ·
247 1191 383 1245 Verbeia
400 1207 527 1246 numeros
543 1191 662 1260 redcpi..
683 1191 728 1242 222
747 1207 768 1242 c.
788 1189 807 1244 f.
827 1208 853 1258 q.
873 1190 905 1243 fit
924 1189 994 1244 22222
1013 1169 1085 1244 bene
1100 1191 1194 1247 Laeots

179 1261 334 1317 22222170
354 1263 398 1315 222
417 1279 439 1316 c.
461 1260 575 1334 (scito)
594 1260 654 1314 fieri
673 1278 699 1328 q.
719 1259 738 1314 f.
759 1278 779 1316 2.
799 1261 826 1316 b.
846 1261 981 1317 Driatzto

631 1429 740 1488 LXXV

128 1540 194 1611 sofr
205 1528 281 1594 'Vbi
304 1531 410 1614 <iam>
432 1553 498 1596 non
517 1553 550 1595 es
569 1530 629 1615 qui
644 1531 745 1616 fuisti,
763 1553 829 1596 non
843 1534 892 1596 222
906 1533 963 1595 222
976 1531 1057 1596 uelis
1071 1529 1192 1598 uiuere.

251 1651 346 1706 Cicero
362 1669 409 1722 ep.
420 1653 456 1707 ad
469 1652 535 1707 fam.
548 1653 600 1706 VII
615 1659 639 1719 3,
654 1659 671 1706 4
687 1654 817 1706 ‘mortem
834 1651 905 1706 mihi
924 1670 973 1706 cur
991 1653 1193 1708 consciscerem

181 1741 266 1777 causa
283 1741 340 1778 non
358 1723 421 1778 uisa
440 1727 495 1792 est,
520 1741 568 1778 our
587 1726 714 1794 optarem
736 1723 843 1778 multae
869 1741 983 1792 causae;
1012 1727 1110 1778 uetus
1140 1729 1192 1779 est

181 1793 281 1862 enim,
304 1795 362 1848 ubi
385 1813 451 1849 non
474 1794 520 1848 sis
544 1794 601 1863 qui
624 1793 745 1863 fueris,
769 1813 835 1849 non
859 1812 931 1849 esse
955 1813 1013 1850 cur
1031 1795 1120 1850 uelis
1140 1796 1192 1850 ui-

180 1867 278 1919 uere.'
317 1865 445 1920 82222222
471 1869 573 1935 poetae
601 1865 770 1919 versiculum
793 1883 853 1920 esse
876 1865 1017 1921 intellexit
1041 1867 1194 1923 Schneide-

180 1936 269 1990 winus
288 1935 588 2006 Philol.111132‚.qui
607 1937 641 1990 de
660 1935 768 2006 tragico
789 1937 972 2008 cogitaverat,
991 1937 1066 1992 inter
1084 1956 1193 1994 comoe-

181 2007 245 2062 diae
272 2007 406 2076 reliquias
434 2007 494 2077 ipse
521 2008 622 2078 recepi.
669 2008 724 2064 Sed
752 2008 786 2062 de
813 2025 915 2078 genere
943 2009 1057 2064 fabulae
1085 2009 1194 2066 incerta

182 2078 320 2134 ariolatio.
341 2079 391 2150 (of.
407 2095 479 2147 quae
494 2078 645 2133 Teuffelius
664 2077 774 2133 monuit
793 2096 857 2134 aun.
876 2079 974 2150 philol.
991 2087 1059 2135 1875
1078 2100 1104 2150 p.
1120 2085 1192 2152 432.)

252 2191 286 2240 90
304 2203 341 2266 sq.
367 2189 528 2242 scatentium
550 2189 670 2242 22222222
692 2187 750 2242 sais
772 2188 911 2242 tralucere
929 2189 982 2242 alii
1000 2190 1081 2244 aliter
1099 2191 1193 2244 222212

179 2265 251 2313 2222.
288 2257 338 2310 ubi
355 2273 413 2311 non
431 2257 469 2310 sis
488 2256 537 2326 qui
555 2256 654 2326 fueris,
680 2274 737 2311 non
756 2260 799 2311 est
818 2274 867 2311 cur
884 2257 956 2312 uelis
976 2258 1076 2330 (iam)
1096 2259 1192 2314 uiuere

180 2331 242 2384 Β22
257 2346 324 2384 2222.
340 2329 426 2384 Rhea.
438 2335 479 2398 11,
495 2333 545 2382 511
561 2328 613 2398 (ibi
628 2331 745 2384 22222222
760 2329 950 2402 2222222222
967 2332 1072 2385 acacii.
1086 2333 1192 2400 philoll.

182 2405 248 2454 1861
266 2418 295 2470 p.
312 2406 371 2468 141,
391 2405 459 2454 1866
474 2418 504 2469 p.
520 2405 571 2454 628
591 2402 639 2471 sq.)
658 2399 707 2454 ubi
730 2417 787 2454 uon
812 2416 841 2454 es
860 2399 928 2474 <22>
948 2400 997 2469 qui
1019 2401 1112 2471 fuisti,
1135 2420 1194 2457 non

181 2473 224 2525 est
243 2489 292 2524 cur
309 2469 380 2525 nelis
399 2471 495 2525 uiuere
514 2471 607 2528 Haoet

623 2604 748 2662 LXXVI

147 2701 152 2716 '
182 2705 282 2790 Saepe
306 2707 362 2790 qui
385 2707 529 2771 misere'ri
552 2706 673 2791 potuit,
696 2707 818 2792 rogitat
840 2706 1101 2772 misericordiam.

253 2828 359 2882 Seneca
383 2830 506 2882 controv.
525 2828 563 2881 IX
582 2833 616 2882 27
634 2846 661 2897 p.
681 2833 734 2882 274
752 2827 783 2883 Β.
820 2828 940 2882 Versum
965 2843 1024 2882 esse
1050 2827 1193 2882 intellexit

181 2899 307 2953 Andreas
327 2899 466 2954 Sohottus.

252 3005 358 3076 rogitat
376 3005 596 3060 misericordiam
614 3013 724 3076 poetam
741 3007 880 3076 scripsisse
897 3007 1020 3076 suspicor
1037 3005 1194 3061 misericor-

183 3077 259 3132 diam
277 3080 360 3147 rogat
378 3077 486 3132 Seneca.

616 3192 756 3250 LXXVII

183 3345 190 3360 .
214 3345 221 3358 .
246 3347 252 3360 .
276 3295 373 3360 homo
396 3294 503 3360 locum
526 3295 633 3380 ornat,
659 3316 725 3358 nou
747 3293 911 3359 homiuem
934 3293 1031 3359 locus.

253 3415 395 3470 Charisius
413 3434 440 3485 p.
457 3421 508 3470 254
522 3417 552 3470 P.
574 3417 634 3484 ‘per
653 3414 887 3471 antimetabolen:
907 3416 1001 3470 hcmo'
1022 3432 1044 3470 e.
1061 3433 1087 3483 q.
1103 3433 1123 3470 2.
1151 3413 1194 3470 Si-

182 3485 338 3554 millimam,
353 3487 403 3541 sed
417 3487 509 3541 colore
522 3487 662 3540 diversam
672 3487 841 3541 seutentiam
850 3486 969 3556 protulit
978 3486 1079 3541 Accius
1094 3503 1119 3540 v.
1131 3491 1192 3541 272.

181 3558 286 3612 Nostra
310 3558 347 3611 ad
369 3559 445 3626 quod
468 3557 613 3612 scaenicae
635 3557 729 3626 poesis
752 3575 840 3628 genus
863 3557 1004 3627 pertineat
1028 3556 1191 3626 ambiguum
