<?xml version="1.0" encoding="UTF-8"?>
<!DOCTYPE html PUBLIC "-//W3C//DTD XHTML 1.0 Transitional//EN"
    "http://www.w3.org/TR/xhtml1/DTD/xhtml1-transitional.dtd">
<html xmlns="http://www.w3.org/1999/xhtml" xml:lang="en" lang="en">
 <head>
  <title>
</title>
<meta http-equiv="Content-Type" content="text/html;charset=utf-8" />
  <meta name='ocr-system' content='tesseract 3.04.00' />
  <meta name='ocr-capabilities' content='ocr_page ocr_carea ocr_par ocr_line ocrx_word'/>
</head>
<body>
  <div class='ocr_page' id='page_1' title='image "./scaenicaeromano07ribbgoog_0117.png"; bbox 0 0 2686 3910; ppageno 0'>
   <div class='ocr_carea' id='block_1_1' title="bbox 190 119 861 216">
    <p class='ocr_par' dir='ltr' id='par_1_1' title="bbox 190 119 861 216">
     <span class='ocr_line' id='line_1_1' title="bbox 190 119 861 216; baseline -0.007 -12"><span class='ocrx_word' id='word_1_1' title='bbox 190 119 258 216; x_wconf 71' lang='lat'>100&#39;</span> <span class='ocrx_word' id='word_1_2' title='bbox 516 143 861 202; x_wconf 77' lang='lat' dir='ltr'>sexsvssvaemivs</span> 
     </span>
    </p>
   </div>
   <div class='ocr_carea' id='block_1_2' title="bbox 189 313 917 502">
    <p class='ocr_par' dir='ltr' id='par_1_2' title="bbox 189 313 917 502">
     <span class='ocr_line' id='line_1_2' title="bbox 675 313 707 372; baseline 0 0"><span class='ocrx_word' id='word_1_3' title='bbox 675 313 707 372; x_wconf 95' lang='grc' dir='ltr'><strong>Π</strong></span> 
     </span>
     <span class='ocr_line' id='line_1_3' title="bbox 189 413 917 502; baseline -0.008 -18"><span class='ocrx_word' id='word_1_4' title='bbox 189 471 222 485; x_wconf 94' lang='grc'>..</span> <span class='ocrx_word' id='word_1_5' title='bbox 245 420 471 483; x_wconf 84' lang='lat' dir='ltr'>testamentum</span> <span class='ocrx_word' id='word_1_6' title='bbox 494 417 570 502; x_wconf 72' lang='lat' dir='ltr'>ergo</span> <span class='ocrx_word' id='word_1_7' title='bbox 594 414 733 480; x_wconf 74' lang='lat' dir='ltr'>celabis?</span> <span class='ocrx_word' id='word_1_8' title='bbox 757 452 799 460; x_wconf 97' lang='lat'><strong>—</strong></span> <span class='ocrx_word' id='word_1_9' title='bbox 821 413 917 500; x_wconf 80' lang='lat' dir='ltr'>Lagi!</span> 
     </span>
    </p>
   </div>
   <div class='ocr_carea' id='block_1_3' title="bbox 190 531 1194 677">
    <p class='ocr_par' dir='ltr' id='par_1_3' title="bbox 190 531 1194 677">
     <span class='ocr_line' id='line_1_4' title="bbox 259 531 1194 606; baseline -0.006 -14"><span class='ocrx_word' id='word_1_10' title='bbox 259 537 368 594; x_wconf 88' lang='lat' dir='ltr'>Nonius</span> <span class='ocrx_word' id='word_1_11' title='bbox 383 542 426 605; x_wconf 79' lang='lat'>63,</span> <span class='ocrx_word' id='word_1_12' title='bbox 441 541 474 591; x_wconf 78' lang='grc'>19</span> <span class='ocrx_word' id='word_1_13' title='bbox 495 535 581 606; x_wconf 80' lang='lat' dir='ltr'>‘logi</span> <span class='ocrx_word' id='word_1_14' title='bbox 600 553 617 590; x_wconf 85' lang='lat' dir='ltr'>a</span> <span class='ocrx_word' id='word_1_15' title='bbox 635 535 742 590; x_wconf 75' lang='lat' dir='ltr'>Graeco</span> <span class='ocrx_word' id='word_1_16' title='bbox 761 551 895 603; x_wconf 83' lang='lat' dir='ltr'>sermone,</span> <span class='ocrx_word' id='word_1_17' title='bbox 914 533 960 588; x_wconf 85' lang='lat' dir='ltr'>uel</span> <span class='ocrx_word' id='word_1_18' title='bbox 979 533 1056 588; x_wconf 82' lang='lat' dir='ltr'>dicta</span> <span class='ocrx_word' id='word_1_19' title='bbox 1073 531 1194 586; x_wconf 85' lang='lat' dir='ltr'>ridicula</span> 
     </span>
     <span class='ocr_line' id='line_1_5' title="bbox 190 605 1194 677; baseline -0.008 -11"><span class='ocrx_word' id='word_1_20' title='bbox 190 613 219 666; x_wconf 85' lang='lat' dir='ltr'>et</span> <span class='ocrx_word' id='word_1_21' title='bbox 237 608 440 666; x_wconf 83' lang='lat' dir='ltr'>contemnenda</span> <span class='ocrx_word' id='word_1_22' title='bbox 460 652 465 663; x_wconf 94' lang='lat'>.</span> <span class='ocrx_word' id='word_1_23' title='bbox 482 652 487 663; x_wconf 94' lang='lat'><em>.</em></span> <span class='ocrx_word' id='word_1_24' title='bbox 503 651 509 663; x_wconf 89' lang='lat'><strong>.</strong></span> <span class='ocrx_word' id='word_1_25' title='bbox 528 606 669 677; x_wconf 72' lang='lat' dir='ltr'>&#39;lurpilius</span> <span class='ocrx_word' id='word_1_26' title='bbox 688 605 838 662; x_wconf 80' lang='lat' dir='ltr'>Ganeforo:</span> <span class='ocrx_word' id='word_1_27' title='bbox 861 605 1072 660; x_wconf 90' lang='lat' dir='ltr'>testamentum&#39;</span> <span class='ocrx_word' id='word_1_28' title='bbox 1092 620 1115 659; x_wconf 89' lang='lat' dir='ltr'>e.</span> <span class='ocrx_word' id='word_1_29' title='bbox 1130 621 1157 672; x_wconf 91' lang='lat' dir='ltr'>q.</span> <span class='ocrx_word' id='word_1_30' title='bbox 1172 621 1194 658; x_wconf 90' lang='lat' dir='ltr'>s.</span> 
     </span>
    </p>
   </div>
   <div class='ocr_carea' id='block_1_4' title="bbox 669 739 716 798">
    <p class='ocr_par' dir='ltr' id='par_1_4' title="bbox 669 739 716 798">
     <span class='ocr_line' id='line_1_6' title="bbox 669 739 716 798; baseline 0 0"><span class='ocrx_word' id='word_1_31' title='bbox 669 739 716 798; x_wconf 95' lang='grc' dir='ltr'>ΙΠ</span> 
     </span>
    </p>
   </div>
   <div class='ocr_carea' id='block_1_5' title="bbox 109 823 563 892">
    <p class='ocr_par' dir='ltr' id='par_1_5' title="bbox 109 823 563 892">
     <span class='ocr_line' id='line_1_7' title="bbox 109 823 563 892; baseline -0.013 0"><span class='ocrx_word' id='word_1_32' title='bbox 109 823 115 832; x_wconf 55' lang='lat'>&#39;&#39;</span> <span class='ocrx_word' id='word_1_33' title='bbox 191 825 276 892; x_wconf 82' lang='lat' dir='ltr'>Satis</span> <span class='ocrx_word' id='word_1_34' title='bbox 298 824 396 889; x_wconf 72' lang='lat' dir='ltr'>fructi</span> <span class='ocrx_word' id='word_1_35' title='bbox 418 823 563 888; x_wconf 88' lang='lat' dir='ltr'>reddunt.</span> 
     </span>
    </p>
   </div>
   <div class='ocr_carea' id='block_1_6' title="bbox 261 905 1150 1012">
    <p class='ocr_par' dir='ltr' id='par_1_6' title="bbox 261 905 1150 1012">
     <span class='ocr_line' id='line_1_8' title="bbox 261 905 1150 1012; baseline -0.003 -12"><span class='ocrx_word' id='word_1_36' title='bbox 261 945 369 1001; x_wconf 86' lang='lat' dir='ltr'>Nonius</span> <span class='ocrx_word' id='word_1_37' title='bbox 387 951 448 1012; x_wconf 81' lang='lat'>491,</span> <span class='ocrx_word' id='word_1_38' title='bbox 468 950 483 998; x_wconf 83' lang='lat'>6</span> <span class='ocrx_word' id='word_1_39' title='bbox 504 943 624 998; x_wconf 84' lang='lat' dir='ltr'>‘fructi</span> <span class='ocrx_word' id='word_1_40' title='bbox 642 943 689 997; x_wconf 91' lang='lat' dir='ltr'>uel</span> <span class='ocrx_word' id='word_1_41' title='bbox 707 941 824 997; x_wconf 82' lang='lat' dir='ltr'>fiuctuis</span> <span class='ocrx_word' id='word_1_42' title='bbox 842 959 893 1012; x_wconf 88' lang='lat' dir='ltr'>pro</span> <span class='ocrx_word' id='word_1_43' title='bbox 912 941 1038 997; x_wconf 61' lang='lat' dir='ltr'>fructus!</span> <span class='ocrx_word' id='word_1_44' title='bbox 1071 905 1072 908; x_wconf 51' lang='lat'><em>=</em></span> <span class='ocrx_word' id='word_1_45' title='bbox 1147 1001 1150 1008; x_wconf 61' lang='grc'><em>,</em></span> 
     </span>
    </p>
   </div>
   <div class='ocr_carea' id='block_1_7' title="bbox 191 1075 852 1263">
    <p class='ocr_par' dir='ltr' id='par_1_7' title="bbox 191 1075 852 1263">
     <span class='ocr_line' id='line_1_9' title="bbox 673 1075 717 1134; baseline 0 0"><span class='ocrx_word' id='word_1_46' title='bbox 673 1075 717 1134; x_wconf 88' lang='lat' dir='ltr'>IV</span> 
     </span>
     <span class='ocr_line' id='line_1_10' title="bbox 191 1175 852 1263; baseline -0.011 -17"><span class='ocrx_word' id='word_1_47' title='bbox 191 1231 199 1246; x_wconf 89' lang='lat'><strong>.</strong></span> <span class='ocrx_word' id='word_1_48' title='bbox 223 1231 230 1244; x_wconf 94' lang='lat'><strong>.</strong></span> <span class='ocrx_word' id='word_1_49' title='bbox 253 1231 260 1244; x_wconf 89' lang='lat'><strong><em>.</em></strong></span> <span class='ocrx_word' id='word_1_50' title='bbox 284 1179 370 1244; x_wconf 88' lang='lat' dir='ltr'>nosti</span> <span class='ocrx_word' id='word_1_51' title='bbox 393 1178 489 1263; x_wconf 71' lang='lat' dir='ltr'>quam</span> <span class='ocrx_word' id='word_1_52' title='bbox 512 1177 555 1242; x_wconf 85' lang='lat' dir='ltr'>sit</span> <span class='ocrx_word' id='word_1_53' title='bbox 576 1175 689 1263; x_wconf 80' lang='lat' dir='ltr'>gracili</span> <span class='ocrx_word' id='word_1_54' title='bbox 712 1177 852 1260; x_wconf 69' lang='lat' dir='ltr'>carpere.</span> 
     </span>
    </p>
   </div>
   <div class='ocr_carea' id='block_1_8' title="bbox 192 1294 1199 1863">
    <p class='ocr_par' dir='ltr' id='par_1_8' title="bbox 192 1294 1199 1863">
     <span class='ocr_line' id='line_1_11' title="bbox 262 1294 1196 1380; baseline -0.004 -26"><span class='ocrx_word' id='word_1_55' title='bbox 262 1299 371 1380; x_wconf 68' lang='lat' dir='ltr'>lionius</span> <span class='ocrx_word' id='word_1_56' title='bbox 391 1305 455 1368; x_wconf 85' lang='grc'>116,</span> <span class='ocrx_word' id='word_1_57' title='bbox 474 1305 490 1353; x_wconf 87' lang='grc'><strong>9</strong></span> <span class='ocrx_word' id='word_1_58' title='bbox 516 1296 699 1379; x_wconf 73' lang='lat' dir='ltr'>‘gracilitudo</span> <span class='ocrx_word' id='word_1_59' title='bbox 728 1299 762 1378; x_wconf 38' lang='lat' dir='ltr'>et·</span> <span class='ocrx_word' id='word_1_60' title='bbox 783 1294 922 1366; x_wconf 85' lang='lat' dir='ltr'>gracilens</span> <span class='ocrx_word' id='word_1_61' title='bbox 949 1312 1013 1377; x_wconf 41' lang='lat' dir='ltr'>pre·</span> <span class='ocrx_word' id='word_1_62' title='bbox 1027 1295 1141 1365; x_wconf 85' lang='lat' dir='ltr'>gracilis</span> <span class='ocrx_word' id='word_1_63' title='bbox 1167 1300 1196 1352; x_wconf 90' lang='lat' dir='ltr'>et</span> 
     </span>
     <span class='ocr_line' id='line_1_12' title="bbox 192 1366 1197 1511; baseline -0.001 -17"><span class='ocrx_word' id='word_1_64' title='bbox 192 1370 382 1496; x_wconf 48' lang='lat' dir='ltr'>{allilml&#39;t</span> <span class='ocrx_word' id='word_1_65' title='bbox 404 1368 591 1511; x_wconf 53' lang='lat' dir='ltr'>{tutti</span> <span class='ocrx_word' id='word_1_66' title='bbox 609 1366 1197 1508; x_wconf 44' lang='lat' dir='ltr'>“tmfftttlsttttt‘tffittffittt</span> 
     </span>
     <span class='ocr_line' id='line_1_13' title="bbox 193 1461 1198 1610; baseline -0.001 -45"><span class='ocrx_word' id='word_1_67' title='bbox 193 1461 422 1610; x_wconf 57' lang='lat' dir='ltr'>{rc‚gracilitas‚</span> <span class='ocrx_word' id='word_1_68' title='bbox 445 1510 588 1590; x_wconf 29' lang='lat' dir='ltr'>gracilens‘</span> <span class='ocrx_word' id='word_1_69' title='bbox 602 1512 631 1590; x_wconf 77' lang='lat' dir='ltr'>et</span> <span class='ocrx_word' id='word_1_70' title='bbox 649 1509 842 1589; x_wconf 40' lang='lat' dir='ltr'>gracilentum·</span> <span class='ocrx_word' id='word_1_71' title='bbox 853 1510 882 1562; x_wconf 92' lang='lat' dir='ltr'>et</span> <span class='ocrx_word' id='word_1_72' title='bbox 899 1508 1037 1578; x_wconf 84' lang='lat' dir='ltr'>gracilum</span> <span class='ocrx_word' id='word_1_73' title='bbox 1060 1525 1111 1591; x_wconf 78' lang='lat' dir='ltr'>prc</span> <span class='ocrx_word' id='word_1_74' title='bbox 1134 1527 1198 1579; x_wconf 86' lang='lat' dir='ltr'>gra·</span> 
     </span>
     <span class='ocr_line' id='line_1_14' title="bbox 194 1579 1199 1732; baseline -0.002 -24"><span class='ocrx_word' id='word_1_75' title='bbox 194 1582 450 1722; x_wconf 48' lang='lat' dir='ltr'>imm</span> <span class='ocrx_word' id='word_1_76' title='bbox 467 1580 759 1732; x_wconf 59' lang='lat' dir='ltr'>aestiuas</span> <span class='ocrx_word' id='word_1_77' title='bbox 771 1579 1199 1732; x_wconf 54' lang='lat' dir='ltr'>tacitaetacitae</span> 
     </span>
     <span class='ocr_line' id='line_1_15' title="bbox 195 1721 1198 1863; baseline 0.001 -86"><span class='ocrx_word' id='word_1_78' title='bbox 195 1722 527 1863; x_wconf 54' lang='lat' dir='ltr'>nudetgragulgutgcclorem</span> <span class='ocrx_word' id='word_1_79' title='bbox 550 1765 556 1778; x_wconf 88' lang='lat'><strong>.</strong></span> <span class='ocrx_word' id='word_1_80' title='bbox 581 1766 586 1777; x_wconf 95' lang='lat'>.</span> <span class='ocrx_word' id='word_1_81' title='bbox 609 1721 749 1792; x_wconf 84' lang='lat' dir='ltr'>gracilens</span> <span class='ocrx_word' id='word_1_82' title='bbox 776 1721 815 1776; x_wconf 90' lang='lat' dir='ltr'>fit.</span> <span class='ocrx_word' id='word_1_83' title='bbox 879 1721 1021 1792; x_wconf 86' lang='lat' dir='ltr'>Turp1l1us</span> <span class='ocrx_word' id='word_1_84' title='bbox 1050 1721 1198 1779; x_wconf 76' lang='lat' dir='ltr'>Oaneforoz</span> 
     </span>
    </p>
   </div>
   <div class='ocr_carea' id='block_1_9' title="bbox 195 1879 1200 2023">
    <p class='ocr_par' dir='ltr' id='par_1_9' title="bbox 195 1879 1200 2023">
     <span class='ocr_line' id='line_1_16' title="bbox 265 1879 1200 1953; baseline 0.001 -16"><span class='ocrx_word' id='word_1_85' title='bbox 265 1881 364 1953; x_wconf 77' lang='lat' dir='ltr'>gracili</span> <span class='ocrx_word' id='word_1_86' title='bbox 387 1881 557 1937; x_wconf 82' lang='lat' dir='ltr'><strong><em>EH’PW</em></strong></span> <span class='ocrx_word' id='word_1_87' title='bbox 574 1880 680 1952; x_wconf 85' lang='lat' dir='ltr'>gracile</span> <span class='ocrx_word' id='word_1_88' title='bbox 699 1881 743 1936; x_wconf 75' lang='lat'>11¹</span> <span class='ocrx_word' id='word_1_89' title='bbox 762 1879 863 1935; x_wconf 85' lang='lat' dir='ltr'>craeile</span> <span class='ocrx_word' id='word_1_90' title='bbox 881 1880 941 1935; x_wconf 73' lang='lat' dir='ltr'>Fa</span> <span class='ocrx_word' id='word_1_91' title='bbox 964 1880 1067 1936; x_wconf 87' lang='lat' dir='ltr'>cracilo</span> <span class='ocrx_word' id='word_1_92' title='bbox 1089 1882 1200 1953; x_wconf 70' lang='lat' dir='ltr'>Quietu-</span> 
     </span>
     <span class='ocr_line' id='line_1_17' title="bbox 195 1951 689 2023; baseline -0.014 -11"><span class='ocrx_word' id='word_1_93' title='bbox 195 1962 287 2023; x_wconf 78' lang='lat' dir='ltr'>ratcs,</span> <span class='ocrx_word' id='word_1_94' title='bbox 304 1956 367 2023; x_wconf 66' lang='lat' dir='ltr'>fort.</span> <span class='ocrx_word' id='word_1_95' title='bbox 385 1961 455 2011; x_wconf 81' lang='lat' dir='ltr'>recte</span> <span class='ocrx_word' id='word_1_96' title='bbox 525 1969 624 2022; x_wconf 83' lang='lat' dir='ltr'>corpus</span> <span class='ocrx_word' id='word_1_97' title='bbox 643 1951 689 2006; x_wconf 79' lang='lat' dir='ltr'>L?</span> 
     </span>
    </p>
   </div>
   <div class='ocr_carea' id='block_1_10' title="bbox 583 2083 813 2144">
    <p class='ocr_par' dir='ltr' id='par_1_10' title="bbox 583 2083 813 2144">
     <span class='ocr_line' id='line_1_18' title="bbox 583 2083 813 2144; baseline 0 -1"><span class='ocrx_word' id='word_1_98' title='bbox 583 2083 813 2144; x_wconf 78' lang='lat' dir='ltr'>DEMETRIVS</span> 
     </span>
    </p>
   </div>
   <div class='ocr_carea' id='block_1_11' title="bbox 182 2198 1210 3334">
    <p class='ocr_par' dir='ltr' id='par_1_11' title="bbox 182 2198 1210 3334">
     <span class='ocr_line' id='line_1_19' title="bbox 267 2198 1200 2270; baseline 0.001 -17"><span class='ocrx_word' id='word_1_99' title='bbox 267 2201 311 2255; x_wconf 83' lang='lat' dir='ltr'>Fr.</span> <span class='ocrx_word' id='word_1_100' title='bbox 325 2200 351 2255; x_wconf 87' lang='lat' dir='ltr'><strong>V</strong></span> <span class='ocrx_word' id='word_1_101' title='bbox 365 2200 490 2270; x_wconf 78' lang='lat' dir='ltr'>Scaliger</span> <span class='ocrx_word' id='word_1_102' title='bbox 508 2200 583 2255; x_wconf 81' lang='lat' dir='ltr'>Ocni.</span> <span class='ocrx_word' id='word_1_103' title='bbox 597 2199 628 2254; x_wconf 91' lang='lat' dir='ltr'>in</span> <span class='ocrx_word' id='word_1_104' title='bbox 642 2201 720 2255; x_wconf 87' lang='lat' dir='ltr'>Varr.</span> <span class='ocrx_word' id='word_1_105' title='bbox 737 2219 764 2269; x_wconf 88' lang='lat' dir='ltr'>p.</span> <span class='ocrx_word' id='word_1_106' title='bbox 776 2205 826 2254; x_wconf 83' lang='lat'>159</span> <span class='ocrx_word' id='word_1_107' title='bbox 844 2198 954 2253; x_wconf 88' lang='lat' dir='ltr'>monuit</span> <span class='ocrx_word' id='word_1_108' title='bbox 972 2199 1120 2254; x_wconf 83' lang='lat' dir='ltr'>convenire</span> <span class='ocrx_word' id='word_1_109' title='bbox 1138 2218 1200 2255; x_wconf 92' lang='lat' dir='ltr'>cum</span> 
     </span>
     <span class='ocr_line' id='line_1_20' title="bbox 197 2269 1201 2360; baseline 0 -34"><span class='ocrx_word' id='word_1_110' title='bbox 197 2271 323 2327; x_wconf 81' lang='lat' dir='ltr'>Alexidis</span> <span class='ocrx_word' id='word_1_111' title='bbox 351 2287 385 2326; x_wconf 90' lang='lat' dir='ltr'>ex</span> <span class='ocrx_word' id='word_1_112' title='bbox 408 2269 555 2360; x_wconf 58' lang='grc' dir='ltr'><strong><em>Δηρητρλρι</em></strong></span> <span class='ocrx_word' id='word_1_113' title='bbox 583 2269 600 2340; x_wconf 78' lang='grc' dir='ltr'><strong>ἢ</strong></span> <span class='ocrx_word' id='word_1_114' title='bbox 629 2273 780 2344; x_wconf 73' lang='grc' dir='ltr'><strong><em>Φιλεταίρῳ</em></strong></span> <span class='ocrx_word' id='word_1_115' title='bbox 806 2271 839 2324; x_wconf 87' lang='lat' dir='ltr'>fr.</span> <span class='ocrx_word' id='word_1_116' title='bbox 858 2276 892 2324; x_wconf 84' lang='lat'>46</span> <span class='ocrx_word' id='word_1_117' title='bbox 911 2269 960 2326; x_wconf 88' lang='lat' dir='ltr'>K.:</span> <span class='ocrx_word' id='word_1_118' title='bbox 987 2269 1124 2341; x_wconf 77' lang='grc' dir='ltr'><strong><em>πρότερον</em></strong></span> <span class='ocrx_word' id='word_1_119' title='bbox 1151 2271 1201 2343; x_wconf 76' lang='grc' dir='ltr'>μὲν</span> 
     </span>
     <span class='ocr_line' id='line_1_21' title="bbox 199 2339 1204 2416; baseline 0 -18"><span class='ocrx_word' id='word_1_120' title='bbox 199 2345 225 2398; x_wconf 82' lang='grc' dir='ltr'>εἰ</span> <span class='ocrx_word' id='word_1_121' title='bbox 250 2343 379 2398; x_wconf 72' lang='grc' dir='ltr'><strong><em>πνεύσειε</em></strong></span> <span class='ocrx_word' id='word_1_122' title='bbox 408 2345 509 2416; x_wconf 86' lang='grc' dir='ltr'><strong><em>βορρᾶς</em></strong></span> <span class='ocrx_word' id='word_1_123' title='bbox 531 2364 549 2411; x_wconf 82' lang='grc' dir='ltr'>η</span> <span class='ocrx_word' id='word_1_124' title='bbox 571 2340 652 2406; x_wconf 81' lang='grc' dir='ltr'><strong><em>νότος</em></strong></span> <span class='ocrx_word' id='word_1_125' title='bbox 671 2341 721 2398; x_wconf 89' lang='grc' dir='ltr'>Ἐν</span> <span class='ocrx_word' id='word_1_126' title='bbox 744 2362 760 2396; x_wconf 93' lang='grc' dir='ltr'><strong><em>τ</em></strong></span> <span class='ocrx_word' id='word_1_127' title='bbox 800 2339 928 2412; x_wconf 75' lang='grc' dir='ltr'><strong><em>θαλάσσῃ</em></strong></span> <span class='ocrx_word' id='word_1_128' title='bbox 956 2340 1093 2412; x_wconf 79' lang='grc' dir='ltr'><strong><em>λαμπρός,</em></strong></span> <span class='ocrx_word' id='word_1_129' title='bbox 1120 2342 1204 2414; x_wconf 69' lang='grc' dir='ltr'><strong><em>ἰχθῦς</em></strong></span> 
     </span>
     <span class='ocr_line' id='line_1_22' title="bbox 199 2362 1202 2539; baseline 0 -70"><span class='ocrx_word' id='word_1_130' title='bbox 199 2415 251 2469; x_wconf 76' lang='grc' dir='ltr'>οὐκ</span> <span class='ocrx_word' id='word_1_131' title='bbox 269 2412 306 2468; x_wconf 76' lang='grc' dir='ltr'>ἂν</span> <span class='ocrx_word' id='word_1_132' title='bbox 323 2408 359 2483; x_wconf 76' lang='grc' dir='ltr'>ἦν</span> <span class='ocrx_word' id='word_1_133' title='bbox 380 2414 485 2469; x_wconf 63' lang='lat' dir='ltr'>Octavi</span> <span class='ocrx_word' id='word_1_134' title='bbox 508 2421 620 2539; x_wconf 65' lang='lat' dir='ltr'>gracula.</span> <span class='ocrx_word' id='word_1_135' title='bbox 657 2414 721 2468; x_wconf 85' lang='grc' dir='ltr'><strong><em>νονλ</em></strong></span> <span class='ocrx_word' id='word_1_136' title='bbox 743 2362 778 2467; x_wconf 67' lang='lat' dir='ltr'>tl</span> <span class='ocrx_word' id='word_1_137' title='bbox 792 2412 862 2481; x_wconf 78' lang='grc' dir='ltr'><strong><em>πρὸς</em></strong></span> <span class='ocrx_word' id='word_1_138' title='bbox 879 2420 937 2474; x_wconf 82' lang='grc' dir='ltr'><strong><em>τοῖς</em></strong></span> <span class='ocrx_word' id='word_1_139' title='bbox 954 2413 1111 2484; x_wconf 73' lang='grc' dir='ltr'><strong><em>πνεύμασιν</em></strong></span> <span class='ocrx_word' id='word_1_140' title='bbox 1131 2414 1202 2469; x_wconf 77' lang='grc' dir='ltr'><strong><em>Τού-</em></strong></span> 
     </span>
     <span class='ocr_line' id='line_1_23' title="bbox 199 2482 1203 2556; baseline -0.002 -16"><span class='ocrx_word' id='word_1_141' title='bbox 199 2506 259 2548; x_wconf 89' lang='grc' dir='ltr'><strong><em>τοις</em></strong></span> <span class='ocrx_word' id='word_1_142' title='bbox 278 2483 401 2548; x_wconf 77' lang='grc' dir='ltr'><strong><em>Φάυλλος</em></strong></span> <span class='ocrx_word' id='word_1_143' title='bbox 418 2501 506 2556; x_wconf 75' lang='grc' dir='ltr'><strong><em>νιροογ</em></strong></span> <span class='ocrx_word' id='word_1_144' title='bbox 522 2503 586 2554; x_wconf 78' lang='grc' dir='ltr'><strong><em>νονε</em></strong></span> <span class='ocrx_word' id='word_1_145' title='bbox 604 2485 706 2555; x_wconf 78' lang='grc' dir='ltr'><strong><em>χειμὼν</em></strong></span> <span class='ocrx_word' id='word_1_146' title='bbox 724 2482 814 2553; x_wconf 78' lang='grc' dir='ltr'><strong><em>τρίτος</em></strong></span> <span class='ocrx_word' id='word_1_147' title='bbox 831 2503 857 2538; x_wconf 87' lang='grc' dir='ltr'>ιι.</span> <span class='ocrx_word' id='word_1_148' title='bbox 870 2503 893 2537; x_wconf 90' lang='grc' dir='ltr'>τ.</span> <span class='ocrx_word' id='word_1_149' title='bbox 909 2485 931 2537; x_wconf 90' lang='grc' dir='ltr'>λ.</span> <span class='ocrx_word' id='word_1_150' title='bbox 963 2483 1112 2538; x_wconf 79' lang='lat' dir='ltr'>Praeterea</span> <span class='ocrx_word' id='word_1_151' title='bbox 1130 2485 1163 2539; x_wconf 88' lang='lat' dir='ltr'>fr.</span> <span class='ocrx_word' id='word_1_152' title='bbox 1178 2485 1203 2538; x_wconf 90' lang='lat' dir='ltr'>X</span> 
     </span>
     <span class='ocr_line' id='line_1_24' title="bbox 201 2553 1203 2626; baseline -0.002 -16"><span class='ocrx_word' id='word_1_153' title='bbox 201 2555 339 2610; x_wconf 81' lang='lat' dir='ltr'>similibus</span> <span class='ocrx_word' id='word_1_154' title='bbox 357 2555 479 2626; x_wconf 83' lang='lat' dir='ltr'>praefari</span> <span class='ocrx_word' id='word_1_155' title='bbox 498 2554 608 2610; x_wconf 77' lang='lat' dir='ltr'>videtin</span> <span class='ocrx_word' id='word_1_156' title='bbox 621 2554 772 2624; x_wconf 69' lang='lat' dir='ltr'>Turpilius,</span> <span class='ocrx_word' id='word_1_157' title='bbox 791 2553 887 2623; x_wconf 89' lang='lat' dir='ltr'>qualia</span> <span class='ocrx_word' id='word_1_158' title='bbox 906 2554 981 2623; x_wconf 87' lang='lat' dir='ltr'>apud</span> <span class='ocrx_word' id='word_1_159' title='bbox 994 2553 1140 2610; x_wconf 85' lang='lat' dir='ltr'>Alexidem</span> <span class='ocrx_word' id='word_1_160' title='bbox 1156 2573 1203 2610; x_wconf 86' lang='lat' dir='ltr'>ex-</span> 
     </span>
     <span class='ocr_line' id='line_1_25' title="bbox 199 2623 1201 2706; baseline -0.001 -24"><span class='ocrx_word' id='word_1_161' title='bbox 199 2629 263 2682; x_wconf 74' lang='lat' dir='ltr'>tant</span> <span class='ocrx_word' id='word_1_162' title='bbox 284 2626 317 2681; x_wconf 89' lang='lat' dir='ltr'>fr.</span> <span class='ocrx_word' id='word_1_163' title='bbox 335 2633 383 2684; x_wconf 75' lang='lat'>45:</span> <span class='ocrx_word' id='word_1_164' title='bbox 407 2624 567 2697; x_wconf 80' lang='grc' dir='ltr'><strong><em>ὁμοιότατος</em></strong></span> <span class='ocrx_word' id='word_1_165' title='bbox 585 2624 738 2706; x_wconf 72' lang='grc' dir='ltr'><strong><em>ἅνθρωπος</em></strong></span> <span class='ocrx_word' id='word_1_166' title='bbox 756 2625 822 2698; x_wconf 76' lang='grc' dir='ltr'><strong><em>οἴνῳ</em></strong></span> <span class='ocrx_word' id='word_1_167' title='bbox 839 2625 891 2694; x_wconf 81' lang='grc' dir='ltr'>τὴν</span> <span class='ocrx_word' id='word_1_168' title='bbox 909 2624 995 2694; x_wconf 80' lang='grc' dir='ltr'><strong><em>φύσιν</em></strong></span> <span class='ocrx_word' id='word_1_169' title='bbox 1015 2623 1127 2694; x_wconf 80' lang='grc' dir='ltr'><strong><em>Τρόντον</em></strong></span> <span class='ocrx_word' id='word_1_170' title='bbox 1144 2625 1201 2682; x_wconf 81' lang='grc' dir='ltr'><strong><em>τίν’</em></strong></span> 
     </span>
     <span class='ocr_line' id='line_1_26' title="bbox 200 2694 1202 2767; baseline 0 -15"><span class='ocrx_word' id='word_1_171' title='bbox 200 2694 258 2753; x_wconf 80' lang='grc' dir='ltr'>ἐστί</span> <span class='ocrx_word' id='word_1_172' title='bbox 271 2718 295 2752; x_wconf 84' lang='grc' dir='ltr'>κ.</span> <span class='ocrx_word' id='word_1_173' title='bbox 306 2717 328 2751; x_wconf 88' lang='grc' dir='ltr'>τ.</span> <span class='ocrx_word' id='word_1_174' title='bbox 339 2702 371 2767; x_wconf 84' lang='grc' dir='ltr'>λ,</span> <span class='ocrx_word' id='word_1_175' title='bbox 390 2697 491 2766; x_wconf 89' lang='lat' dir='ltr'>quibus</span> <span class='ocrx_word' id='word_1_176' title='bbox 506 2696 705 2752; x_wconf 83' lang='lat' dir='ltr'>contradimtur</span> <span class='ocrx_word' id='word_1_177' title='bbox 718 2695 753 2750; x_wconf 84' lang='lat' dir='ltr'>fr.</span> <span class='ocrx_word' id='word_1_178' title='bbox 763 2696 816 2751; x_wconf 90' lang='lat' dir='ltr'>inc.</span> <span class='ocrx_word' id='word_1_179' title='bbox 826 2695 878 2750; x_wconf 87' lang='lat' dir='ltr'>XV</span> <span class='ocrx_word' id='word_1_180' title='bbox 887 2697 972 2765; x_wconf 78' lang='lat'><strong>(2⁷8):</strong></span> <span class='ocrx_word' id='word_1_181' title='bbox 991 2694 1075 2751; x_wconf 72' lang='grc' dir='ltr'><strong><em>οὐδέν</em></strong></span> <span class='ocrx_word' id='word_1_182' title='bbox 1091 2695 1119 2766; x_wconf 73' lang='grc' dir='ltr'>γ’</span> <span class='ocrx_word' id='word_1_183' title='bbox 1132 2696 1202 2752; x_wconf 79' lang='grc' dir='ltr'><strong><em>ἔοικ’</em></strong></span> 
     </span>
     <span class='ocr_line' id='line_1_27' title="bbox 201 2767 1204 2892; baseline -0.002 -69"><span class='ocrx_word' id='word_1_184' title='bbox 201 2768 354 2836; x_wconf 76' lang='grc' dir='ltr'><strong><em>ἄνθρωπος</em></strong></span> <span class='ocrx_word' id='word_1_185' title='bbox 377 2767 517 2892; x_wconf 58' lang='lat' dir='ltr'>clama</span> <span class='ocrx_word' id='word_1_186' title='bbox 537 2767 623 2837; x_wconf 77' lang='grc' dir='ltr'><strong><em>φύσιν</em></strong></span> <span class='ocrx_word' id='word_1_187' title='bbox 641 2788 666 2822; x_wconf 88' lang='grc' dir='ltr'>ιι.</span> <span class='ocrx_word' id='word_1_188' title='bbox 684 2787 707 2821; x_wconf 88' lang='grc' dir='ltr'>τ,</span> <span class='ocrx_word' id='word_1_189' title='bbox 727 2771 749 2822; x_wconf 91' lang='grc' dir='ltr'>λ.</span> <span class='ocrx_word' id='word_1_190' title='bbox 786 2767 914 2822; x_wconf 81' lang='lat' dir='ltr'>Ceterum</span> <span class='ocrx_word' id='word_1_191' title='bbox 933 2767 968 2821; x_wconf 87' lang='lat' dir='ltr'>de</span> <span class='ocrx_word' id='word_1_192' title='bbox 987 2771 1151 2838; x_wconf 85' lang='lat' dir='ltr'>argumento</span> <span class='ocrx_word' id='word_1_193' title='bbox 1170 2785 1204 2822; x_wconf 87' lang='lat' dir='ltr'>ex</span> 
     </span>
     <span class='ocr_line' id='line_1_28' title="bbox 182 2837 1210 2908; baseline -0.001 -15"><span class='ocrx_word' id='word_1_194' title='bbox 182 2853 183 2859; x_wconf 53' lang='lat'>¹</span> <span class='ocrx_word' id='word_1_195' title='bbox 202 2839 308 2894; x_wconf 84' lang='lat' dir='ltr'>Graeco</span> <span class='ocrx_word' id='word_1_196' title='bbox 325 2841 411 2908; x_wconf 85' lang='lat' dir='ltr'>poeta</span> <span class='ocrx_word' id='word_1_197' title='bbox 450 2838 456 2849; x_wconf 82' lang='grc'><strong>’</strong></span> <span class='ocrx_word' id='word_1_198' title='bbox 481 2838 486 2849; x_wconf 87' lang='grc'><em>’</em></span> <span class='ocrx_word' id='word_1_199' title='bbox 519 2855 598 2907; x_wconf 86' lang='lat' dir='ltr'>sane,</span> <span class='ocrx_word' id='word_1_200' title='bbox 620 2837 829 2906; x_wconf 73' lang='lat' dir='ltr'>aliquantillum</span> <span class='ocrx_word' id='word_1_201' title='bbox 848 2837 948 2892; x_wconf 86' lang='lat' dir='ltr'>saltem</span> <span class='ocrx_word' id='word_1_202' title='bbox 967 2854 1001 2892; x_wconf 87' lang='lat' dir='ltr'>ex</span> <span class='ocrx_word' id='word_1_203' title='bbox 1018 2841 1114 2893; x_wconf 84' lang='lat' dir='ltr'>nostro</span> <span class='ocrx_word' id='word_1_204' title='bbox 1133 2837 1210 2893; x_wconf 87' lang='lat' dir='ltr'>disci.</span> 
     </span>
     <span class='ocr_line' id='line_1_29' title="bbox 200 2907 1205 2981; baseline -0.002 -17"><span class='ocrx_word' id='word_1_205' title='bbox 200 2912 303 2981; x_wconf 84' lang='lat' dir='ltr'>potest.</span> <span class='ocrx_word' id='word_1_206' title='bbox 340 2909 420 2964; x_wconf 79' lang='lat' dir='ltr'>Certe</span> <span class='ocrx_word' id='word_1_207' title='bbox 443 2911 555 2963; x_wconf 85' lang='lat' dir='ltr'>constat</span> <span class='ocrx_word' id='word_1_208' title='bbox 573 2909 607 2963; x_wconf 88' lang='lat' dir='ltr'>de</span> <span class='ocrx_word' id='word_1_209' title='bbox 626 2909 804 2964; x_wconf 82' lang='lat' dir='ltr'>adulescente</span> <span class='ocrx_word' id='word_1_210' title='bbox 826 2907 947 2978; x_wconf 85' lang='lat' dir='ltr'>inperito</span> <span class='ocrx_word' id='word_1_211' title='bbox 966 2912 995 2964; x_wconf 88' lang='lat' dir='ltr'>et</span> <span class='ocrx_word' id='word_1_212' title='bbox 1012 2909 1097 2979; x_wconf 86' lang='lat' dir='ltr'>paulo</span> <span class='ocrx_word' id='word_1_213' title='bbox 1117 2909 1205 2980; x_wconf 88' lang='lat' dir='ltr'>stupi-</span> 
     </span>
     <span class='ocr_line' id='line_1_30' title="bbox 202 2978 1205 3050; baseline 0.001 -15"><span class='ocrx_word' id='word_1_214' title='bbox 202 2980 280 3035; x_wconf 83' lang='lat' dir='ltr'>diora</span> <span class='ocrx_word' id='word_1_215' title='bbox 298 2980 341 3049; x_wconf 83' lang='grc' dir='ltr'>(Π.</span> <span class='ocrx_word' id='word_1_216' title='bbox 360 2980 421 3050; x_wconf 84' lang='grc' dir='ltr'>ΙΧ),</span> <span class='ocrx_word' id='word_1_217' title='bbox 440 2979 489 3048; x_wconf 93' lang='lat' dir='ltr'>qui</span> <span class='ocrx_word' id='word_1_218' title='bbox 507 2997 570 3033; x_wconf 92' lang='lat' dir='ltr'>cum</span> <span class='ocrx_word' id='word_1_219' title='bbox 587 2979 680 3034; x_wconf 91' lang='lat' dir='ltr'>nescio</span> <span class='ocrx_word' id='word_1_220' title='bbox 699 2980 801 3048; x_wconf 89' lang='lat' dir='ltr'>quibus</span> <span class='ocrx_word' id='word_1_221' title='bbox 820 2978 910 3034; x_wconf 85' lang='lat' dir='ltr'>turbis</span> <span class='ocrx_word' id='word_1_222' title='bbox 928 2978 1035 3034; x_wconf 86' lang='lat' dir='ltr'>invitus</span> <span class='ocrx_word' id='word_1_223' title='bbox 1054 2981 1090 3034; x_wconf 85' lang='lat' dir='ltr'>ab</span> <span class='ocrx_word' id='word_1_224' title='bbox 1110 2984 1205 3036; x_wconf 82' lang='lat' dir='ltr'>amata</span> 
     </span>
     <span class='ocr_line' id='line_1_31' title="bbox 202 3050 1206 3121; baseline 0.002 -15"><span class='ocrx_word' id='word_1_225' title='bbox 202 3051 379 3106; x_wconf 84' lang='lat' dir='ltr'>abalienatus</span> <span class='ocrx_word' id='word_1_226' title='bbox 399 3053 473 3105; x_wconf 89' lang='lat' dir='ltr'>esset</span> <span class='ocrx_word' id='word_1_227' title='bbox 490 3050 560 3121; x_wconf 78' lang='lat' dir='ltr'>(W),</span> <span class='ocrx_word' id='word_1_228' title='bbox 584 3050 614 3104; x_wconf 89' lang='lat' dir='ltr'>in</span> <span class='ocrx_word' id='word_1_229' title='bbox 636 3051 758 3121; x_wconf 75' lang='lat' dir='ltr'>gratiam</span> <span class='ocrx_word' id='word_1_230' title='bbox 775 3069 838 3105; x_wconf 86' lang='lat' dir='ltr'>cum</span> <span class='ocrx_word' id='word_1_231' title='bbox 857 3066 890 3105; x_wconf 85' lang='lat' dir='ltr'>ea</span> <span class='ocrx_word' id='word_1_232' title='bbox 908 3051 989 3106; x_wconf 88' lang='lat' dir='ltr'>redit.</span> <span class='ocrx_word' id='word_1_233' title='bbox 1026 3051 1085 3105; x_wconf 87' lang='lat' dir='ltr'>Nec</span> <span class='ocrx_word' id='word_1_234' title='bbox 1104 3052 1206 3108; x_wconf 86' lang='lat' dir='ltr'>desunt</span> 
     </span>
     <span class='ocr_line' id='line_1_32' title="bbox 202 3121 1206 3193; baseline 0.002 -17"><span class='ocrx_word' id='word_1_235' title='bbox 202 3125 253 3176; x_wconf 85' lang='lat' dir='ltr'>aut</span> <span class='ocrx_word' id='word_1_236' title='bbox 271 3122 306 3177; x_wconf 87' lang='lat' dir='ltr'>de</span> <span class='ocrx_word' id='word_1_237' title='bbox 324 3123 404 3192; x_wconf 84' lang='lat' dir='ltr'>patre</span> <span class='ocrx_word' id='word_1_238' title='bbox 423 3122 539 3191; x_wconf 86' lang='lat' dir='ltr'>decepto</span> <span class='ocrx_word' id='word_1_239' title='bbox 558 3121 641 3192; x_wconf 86' lang='lat' dir='ltr'><strong>(XVI)</strong></span> <span class='ocrx_word' id='word_1_240' title='bbox 660 3124 710 3176; x_wconf 84' lang='lat' dir='ltr'>aut</span> <span class='ocrx_word' id='word_1_241' title='bbox 728 3123 762 3177; x_wconf 90' lang='lat' dir='ltr'>de</span> <span class='ocrx_word' id='word_1_242' title='bbox 778 3121 922 3176; x_wconf 77' lang='lat' dir='ltr'>meretrice</span> <span class='ocrx_word' id='word_1_243' title='bbox 936 3122 1020 3193; x_wconf 73' lang='lat' dir='ltr'>(XIV)</span> <span class='ocrx_word' id='word_1_244' title='bbox 1034 3122 1206 3179; x_wconf 84' lang='lat' dir='ltr'>testimonia.</span> 
     </span>
     <span class='ocr_line' id='line_1_33' title="bbox 202 3191 1205 3264; baseline 0.001 -16"><span class='ocrx_word' id='word_1_245' title='bbox 202 3193 246 3248; x_wconf 89' lang='lat' dir='ltr'>Ab</span> <span class='ocrx_word' id='word_1_246' title='bbox 270 3209 304 3248; x_wconf 90' lang='lat' dir='ltr'>ea</span> <span class='ocrx_word' id='word_1_247' title='bbox 326 3195 420 3247; x_wconf 86' lang='lat' dir='ltr'>autem</span> <span class='ocrx_word' id='word_1_248' title='bbox 443 3191 553 3246; x_wconf 83' lang='lat' dir='ltr'>diversa</span> <span class='ocrx_word' id='word_1_249' title='bbox 575 3192 694 3247; x_wconf 85' lang='lat' dir='ltr'>fortasse</span> <span class='ocrx_word' id='word_1_250' title='bbox 716 3193 784 3263; x_wconf 87' lang='lat' dir='ltr'>fingi</span> <span class='ocrx_word' id='word_1_251' title='bbox 827 3195 901 3247; x_wconf 90' lang='lat' dir='ltr'>otest</span> <span class='ocrx_word' id='word_1_252' title='bbox 922 3192 985 3264; x_wconf 86' lang='lat' dir='ltr'>ipsa</span> <span class='ocrx_word' id='word_1_253' title='bbox 1003 3192 1082 3263; x_wconf 86' lang='lat' dir='ltr'>virgo</span> <span class='ocrx_word' id='word_1_254' title='bbox 1101 3197 1205 3264; x_wconf 82' lang='lat' dir='ltr'>amata,</span> 
     </span>
     <span class='ocr_line' id='line_1_34' title="bbox 203 3211 867 3334; baseline -0.002 -15"><span class='ocrx_word' id='word_1_255' title='bbox 203 3265 240 3319; x_wconf 89' lang='lat' dir='ltr'>ad</span> <span class='ocrx_word' id='word_1_256' title='bbox 258 3280 343 3332; x_wconf 82' lang='lat' dir='ltr'>quam</span> <span class='ocrx_word' id='word_1_257' title='bbox 360 3262 499 3334; x_wconf 84' lang='lat' dir='ltr'>pertinere</span> <span class='ocrx_word' id='word_1_258' title='bbox 516 3263 674 3333; x_wconf 86' lang='lat' dir='ltr'>putaverim</span> <span class='ocrx_word' id='word_1_259' title='bbox 692 3264 730 3318; x_wconf 89' lang='lat' dir='ltr'>XI</span> <span class='ocrx_word' id='word_1_260' title='bbox 749 3267 778 3319; x_wconf 87' lang='lat' dir='ltr'>et</span> <span class='ocrx_word' id='word_1_261' title='bbox 795 3211 867 3318; x_wconf 82' lang='lat' dir='ltr'>lilll.</span> 
     </span>
    </p>
   </div>
   <div class='ocr_carea' id='block_1_12' title="bbox 203 3397 915 3584">
    <p class='ocr_par' dir='ltr' id='par_1_12' title="bbox 203 3397 915 3584">
     <span class='ocr_line' id='line_1_35' title="bbox 695 3397 711 3454; baseline 0 0"><span class='ocrx_word' id='word_1_262' title='bbox 695 3397 711 3454; x_wconf 98' lang='lat' dir='ltr'>I</span> 
     </span>
     <span class='ocr_line' id='line_1_36' title="bbox 203 3495 915 3584; baseline 0 -22"><span class='ocrx_word' id='word_1_263' title='bbox 203 3495 256 3562; x_wconf 85' lang='lat' dir='ltr'>Ab</span> <span class='ocrx_word' id='word_1_264' title='bbox 278 3495 372 3562; x_wconf 82' lang='lat' dir='ltr'>initio</span> <span class='ocrx_word' id='word_1_265' title='bbox 394 3502 432 3564; x_wconf 91' lang='lat' dir='ltr'>ut</span> <span class='ocrx_word' id='word_1_266' title='bbox 454 3519 504 3562; x_wconf 86' lang='lat' dir='ltr'>res</span> <span class='ocrx_word' id='word_1_267' title='bbox 526 3495 570 3562; x_wconf 84' lang='lat' dir='ltr'>sit</span> <span class='ocrx_word' id='word_1_268' title='bbox 591 3501 682 3584; x_wconf 87' lang='lat' dir='ltr'>gesta</span> <span class='ocrx_word' id='word_1_269' title='bbox 705 3497 805 3563; x_wconf 68' lang='lat' dir='ltr'>enoda</span> <span class='ocrx_word' id='word_1_270' title='bbox 827 3497 915 3564; x_wconf 92' lang='lat' dir='ltr'>mihi.</span> 
     </span>
    </p>
   </div>
   <div class='ocr_carea' id='block_1_13' title="bbox 765 2347 777 2359">
    <p class='ocr_par' dir='ltr' id='par_1_13' title="bbox 765 2347 777 2359">
     <span class='ocr_line' id='line_1_37' title="bbox 765 2347 777 2359; baseline 0 0"><span class='ocrx_word' id='word_1_271' title='bbox 765 2347 777 2359; x_wconf 62' lang='lat' dir='ltr'>u</span> 
     </span>
    </p>
   </div>
   <div class='ocr_carea' id='block_1_14' title="bbox 0 0 1366 3910">
    <p class='ocr_par' dir='ltr' id='par_1_14' title="bbox 0 0 1366 3910">
     <span class='ocr_line' id='line_1_38' title="bbox 0 0 1366 3910; baseline 0 0"><span class='ocrx_word' id='word_1_272' title='bbox 0 0 1366 3910; x_wconf 95' lang='lat' dir='ltr'> </span> 
     </span>
    </p>
   </div>
  </div>
 </body>
</html>
