2684 3908
393 151 422 204 L.
442 149 632 205 POMPONIV
634 149 652 205 S
671 149 914 206 Bononiensis
1093 151 1158 216 285

149 309 230 364 uenit
255 325 318 363 ecce
346 308 423 362 illius
446 325 543 363 uersus
566 309 751 378 Pomponiani
775 309 803 362 in
827 312 961 378 mentem,
988 308 1037 378 qui
1060 311 1103 363 est
1126 326 1160 364 ex

151 380 308 449 Atellania,
327 397 400 448 quae
418 379 530 434 Meuia
550 379 693 436 scribitur:
712 379 783 434 dies’
799 397 822 435 e.
838 399 863 449 q.
879 399 899 434 s.
919 380 1035 450 (metui
1054 380 1159 434 escri-

149 451 247 506 bitur
270 450 370 520 optimi
392 450 469 522 h'bri)
492 451 652 506 Macrobius
676 451 764 506 Sari
786 457 815 521 4,
836 457 869 505 22
890 452 987 506 ‘modo
1011 450 1158 520 diequinti,

150 523 234 576 modo
263 521 406 590 diequinte
433 539 484 592 pro
510 521 645 577 nduerbio
762 539 826 576 ecce
853 522 932 577 uenit
958 521 1035 576 illius
1062 539 1159 577 uersus

149 593 337 663 Pomponiani
362 592 392 646 in
414 596 549 662 mentem,
577 593 627 661 qui
653 596 697 648 est
724 610 758 648 ex
784 593 941 661 Atellanio,
968 610 1041 662 quoe
1063 591 1161 648 Meuia

150 664 325 718 inscribitur:
346 663 681 735 dies'e.1q.s.‘(Mebis
700 665 745 719 vel
763 663 899 719 Mccbie
917 663 993 734 libri)

152 797 154 800 ·
226 773 334 825 sextust
348 771 541 828 reaccensum
554 772 630 840 cpite.
640 773 699 826 crit.
714 773 752 826 od
765 769 808 824 Μ.
819 770 964 826 Hemnimm
978 775 1011 824 29
1028 773 1125 824 'sextus
1139 791 1160 824 ω

152 841 254 898 tertius
273 843 424 900 Smioerim
505 842 547 896 nil
564 845 732 898 commendat
750 842 943 898 Flectemennc
1023 841 1070 896 edi
1088 843 1160 897 Pon·

151 919 236 970 tanne
304 913 350 968 die
369 912 487 994 septime
506 911 651 968 Pontcnms
717 913 836 967 emoriar
854 912 999 984 Sciopptm
1018 911 1122 968 morior
1140 931 1161 966 ω

149 997 151 1001 ’
205 985 250 1040 De
267 987 358 1052 somne
376 985 523 1053 diequarte
540 987 575 1053 cf.
596 981 789 1040 Fleckeisenms
807 985 824 1038 l.
835 985 858 1038 t.

574 1187 740 1247 MAIALIS

225 1303 368 1359 Glossaris
386 1304 525 1373 excerpsit
543 1304 575 1360 G.
590 1305 688 1359 Loewe
706 1304 802 1358 Prcdr.
816 1307 887 1358 377.Ι

651 1472 666 1530 Ι

154 1573 174 1638 .”
209 1625 215 1637 .
261 1624 269 1638 .
308 1574 438 1638 xenimes
460 1573 571 1638 Venus
590 1577 691 1661 neget
712 1573 944 1658 uoluptetibus.

226 1694 335 1749 Nonius
355 1699 444 1776 183,1
467 1693 579 1776 ‘ueget
597 1710 647 1776 pro
666 1697 783 1766 uegetet
800 1695 848 1750 uel
865 1694 950 1766 erigit
967 1695 1014 1750 uel
1032 1697 1165 1765 uegetum

156 1768 208 1820 est.
246 1767 415 1836 Pomponius
433 1767 545 1822 Marah:
564 1768 684 1822 emmos'
700 1783 723 1822 e.
739 1785 764 1836 q.
778 1785 802 1824 s.

646 1936 677 1994 Π

155 2034 289 2101 Miseret
306 2057 357 2099 me
376 2057 496 2120 eorum,
515 2035 659 2120 quisine
677 2037 790 2101 frustis
802 2037 1166 2102 -ue'ntremfrustreriint

899 2163 1001 2206 suurn.

227 2261 336 2316 Nonius
350 2267 411 2330 473,
428 2268 460 2316 17
481 2263 627 2318 ‘frustro
645 2279 695 2334 pro
712 2263 838 2318 frustror.
870 2261 1040 2332 Pomponius
1055 2261 1165 2317 Meiali:

156 2332 281 2388 miseret’
298 2349 321 2388 e.
336 2350 362 2401 q.
379 2351 399 2386 s.

231 2441 380 2496 Trocimeoe
397 2442 624 2496 commendantem
640 2441 807 2498 Mmzmm
821 2442 929 2510 pronon.
945 2441 1042 2496 Plcmt.
1058 2445 1109 2494 612
1127 2458 1166 2495 se·

156 2518 236 2567 onim
252 2512 526 2580 commonentem
542 2513 718 2568 mtibmrcm
788 2528 913 2566 meorum
933 2511 986 2567 W1
1055 2509 1166 2567 trinnis

156 2581 311 2638 BaL¹W¹
333 2581 430 2636 furstis
449 2582 494 2636 H¹
516 2581 599 2636 fustis
618 2585 646 2638 P
665 2583 765 2638 fructis
785 2583 809 2638 G

733 2857 844 2923 cenam
863 2835 1035 2919 quaeritet:
1187 2849 1221 2897 80

158 2939 198 3006 Si
214 2961 287 3004 eum
305 2960 399 3004 nemo
418 2940 522 3026 uocet,
540 2940 677 3005 reuort't
695 2941 889 3006 maestus-ad
905 2940 1050 3005 moenem
1064 2939 1168 3006 miser.
1214 3020 1215 3024 Ἰ

229 3059 338 3115 Nonius
357 3065 448 3130 476,1
470 3060 655 3115 ‘reuertit’
694 3061 762 3116 Cum
784 3062 838 3116 hoc
860 3061 893 3116 fr.
915 3059 1072 3114 Meinekius
1096 3076 1169 3113 com-

158 3135 243 3202 peret
263 3129 396 3186 Timoclis
419 3147 516 3186 versus
540 3131 589 3200 qui
611 3130 641 3186 in
664 3149 733 3188 com.
753 3132 849 3188 Graec.
868 3133 894 3186 ΙΙ
917 3151 944 3202 p.
958 3136 1011 3186 466
1029 3131 1067 3186 ir.
1084 3137 1115 3185 11
1135 3130 1168 3184 K.

160 3205 272 3271 extante
300 3203 334 3257 cf.
357 3202 479 3258 maxime
501 3203 584 3258 haec:
613 3202 628 3257 ὁ
650 3212 720 3274 γοῦν
743 3202 871 3274 Ktesion
894 3203 1024 3272 ἄκλητος,
1050 3204 1086 3266 ὥς
1109 3201 1171 3272 ἐμοὶ

159 3277 251 3342 δοκεῖ,
275 3271 432 3343 Γενόμενος
450 3273 559 3344 ὀψωνεῖ
575 3271 643 3344 παρ’
661 3275 748 3331 αὑτὸν
767 3275 864 3330 οἴκαδε
882 3296 907 3330 n.
922 3295 945 3329 τ.
960 3277 981 3329 t.
1020 3273 1059 3328 Of.
1078 3289 1171 3327 meam

160 3344 271 3400 Oolscis
290 3343 508 3414 descriptionem
524 3363 552 3415 p.
568 3351 610 3400 39.

230 3456 246 3504 2
273 3451 421 3507 Trochmos
443 3453 542 3508 iambis
561 3455 685 3522 macenti
777 3470 908 3508 maenam
929 3471 990 3509 msc
1010 3452 1172 3521 Gothofmdc'

159 3538 271 3576 menam
290 3542 311 3591 φ
