2668 3904
281 164 548 220 ANONYMORVM
565 165 742 220 MIMORVM
760 167 955 233 RELIQVIAE
1056 166 1121 231 385

550 351 676 409 XXXlV

175 450 294 516 Seneca
312 456 454 517 controv.
468 451 501 516 ll
519 453 541 514 4
560 450 633 538 (12)
651 475 681 535 p.
695 452 757 516 154
776 451 818 516 M.
838 453 924 516 ‘uere
944 454 1117 538 mimicae

106 558 278 644 nuptiae,
314 559 348 622 in
383 559 500 643 quibus
535 562 621 622 ante
656 559 692 622 in
730 558 947 623 cubiculum
979 561 1117 626 riualis

106 665 216 729 uenit
243 687 352 749 quam
379 664 562 729 maritus?

142 803 332 929 ddnuppipa
356 803 555 929 insManIvipps
575 803 703 872 11111111,
722 806 855 872 nustus,
878 805 1002 873 nostis,
1024 805 1116 860 natis

104 889 140 928 co
183 919 187 928 .
260 891 426 930 .uvena1s
539 919 544 929 .

558 1095 669 1153 XXXV

174 1211 293 1278 Seneca
317 1215 354 1279 de
378 1214 536 1278 breuitate
561 1214 647 1279 uitae
673 1215 723 1299 12,
742 1215 761 1278 8
786 1214 976 1278 ‘inuncet
1000 1215 1116 1281 mimos

15 1345 17 1382 1
106 1320 209 1384 multa
232 1321 362 1385 mentiri
381 1320 421 1384 ad
440 1320 694 1405 exprobrandam
717 1321 877 1384 luxuriam
899 1325 987 1405 puta.
1023 1322 1116 1406 plura

16 1495 17 1500 γ
105 1426 303 1491 mehercules
325 1431 530 1511 praetereunt
549 1449 646 1511 quam
665 1427 793 1513 fingunt
815 1431 848 1491 11
870 1430 960 1491 tants
982 1427 1116 1492 incredi-

106 1534 224 1598 bilium
245 1533 401 1598 uitiorum
425 1534 517 1617 copia
540 1533 706 1619 ingenioso
730 1534 765 1598 in
786 1533 848 1598 hoc
870 1556 970 1599 unum
989 1535 1114 1600 saeculo

105 1639 275 1725 processit,
307 1643 344 1703 ut
373 1639 437 1703 iam
464 1639 638 1704 mimorum
665 1661 798 1725 arguere
825 1640 984 1722 possimus
1010 1641 1117 1728 negle-

104 1747 271 1833 gentiam?

176 1868 293 1922 Mimum
314 1867 489 1936 Vespasiano
512 1870 660 1936 praesente
683 1867 713 1921 in
735 1867 863 1921 Marcelli
885 1867 996 1923 theatro
1020 1871 1115 1924 actum

105 1941 204 1993 namet
221 1939 389 1993 Plutarchus
409 1939 443 1992 de
462 1938 523 1993 soll.
539 1937 621 1992 anim.
639 1944 672 1992 19
690 1957 717 2008 p.
733 1944 784 1992 913
801 1938 832 1992 Ε.
907 1939 964 1992 ‘Ex
981 1940 1114 1994 Atellano

105 2010 226 2064 mimove
246 2013 295 2064 aut
314 2009 468 2064 comoedia’
490 2012 631 2078 sumptum
650 2026 667 2062 a
686 2009 826 2064 Frontone
844 2009 967 2064 1111111.
985 2017 1001 2064 3
1019 2017 1112 2080 11226

106 2081 180 2135 Nab.
200 2081 235 2136 de
252 2080 396 2135 Hadriano
416 2081 519 2134 senarii
536 2080 657 2134 frustum

280 2196 285 2206 .
305 2151 487 2222 prandiorum
505 2154 661 2221 opimorum
679 2167 787 2206 esorem
805 2151 941 2220 optimum

103 2221 227 2276 coniecit
244 2223 303 2276 Bue
321 2240 391 2277 mus.
405 2222 493 2276 Rhen.
509 2229 551 2291 35,
566 2229 625 2277 394.

176 2293 254 2348 Idem
268 2293 297 2347 in
312 2293 382 2348 actis
395 2296 549 2362 martyrum
563 2292 731 2362 Theoderici
739 2293 860 2346 Ruinart
873 2309 958 2363 opera
972 2310 1005 2347 ac
1019 2294 1112 2348 studio

101 2363 231 2419 collectis
255 2365 392 2435 (Veronae
412 2371 478 2419 1731
502 2383 529 2434 p.
545 2371 596 2419 236
612 2367 662 2434 sq.)
686 2381 759 2433 quac
782 2365 817 2418 de
840 2363 942 2418 Sancto
967 2363 1113 2419 Genesio

106 2435 256 2506 ‘magistro
275 2435 495 2504 mimithymelae
514 2436 594 2490 artis’
618 2435 777 2490 Christiana
794 2435 929 2504 mysteria
946 2452 996 2505 per
1013 2435 1113 2489 mimos

23 2523 25 2552 2
104 2505 239 2560 irridente
265 2509 413 2560 narrantur
440 2506 585 2562 indicavit.
628 2506 683 2560 Sed
708 2509 737 2560 et
763 2507 833 2560 haec
858 2508 887 2559 et
913 2506 982 2574 alia,
1011 2505 1112 2574 quibus

21 2575 26 2585 ’
104 2577 253 2631 mimorum
266 2577 384 2630 lascivia
398 2577 573 2647 describitur,
588 2577 751 2632 testimonia
764 2576 819 2645 hic,
833 2576 882 2630 ubi
896 2594 952 2631 non
966 2577 996 2630 id
1011 2577 1112 2646 agitur,

21 2653 28 2692 l
104 2651 137 2702 ut
153 2647 262 2718 generis
276 2648 400 2703 universi
413 2651 515 2703 natura
529 2651 558 2702 et
571 2648 690 2703 historia
704 2647 893 2717 adumbretur,
909 2649 1114 2718 praetereunda

22 2743 30 2794 3
101 2735 165 2773 esse
185 2719 287 2774 censui.

156 3616 312 3666 8111111111.
326 3615 390 3658 Rom.
404 3616 485 3668 traam.
498 3615 533 3657 sd.
548 3615 663 3656 Brauon.
684 3616 714 3657 11
919 3612 951 3660 25

1300 143 1304 274 l
