2684 3908
558 167 588 222 L.
605 165 789 221 AFRANIVS
1115 165 1178 230 261

654 335 697 393 IX

167 435 329 502 Inscribat
353 437 469 521 aliquis
493 437 574 500 ‘irse
596 437 700 500 uerse’
724 436 758 500 in
781 435 873 500 ostio.
1024 435 1027 438 ’
1182 451 1236 500 415

239 559 322 612 Pauli
337 559 436 612 Festus
450 577 477 628 p.
490 563 522 610 18
537 558 574 612 M.
591 559 781 612 ‘arseuerse
800 559 897 612 auerte
915 556 1011 626 ignem
1030 555 1180 627 significet.

168 629 323 684 Tuscorum
342 629 418 684 enim
435 629 533 698 lingua
552 645 614 682 erse
629 631 732 696 auerte,
751 645 832 682 uerse
850 628 946 698 ignem
960 631 1073 682 constat
1086 644 1123 698 ap
1144 627 1182 682 el-

167 701 231 754 lari.
269 701 344 754 unde
365 699 498 754 Afranius
522 699 576 754 eit:
599 699 750 754 inscribat’
772 716 835 768 eq.
852 718 872 754 s.
910 698 1041 753 Placidus
1064 698 1095 751 in
1118 645 1183 753 &GL

169 772 195 826 V
213 777 227 826 7
248 771 279 826 G.
302 773 492 826 ‘erseuerse
510 771 709 840 prouerbium’
746 771 788 825 De
805 770 939 826 Incendio
958 769 1135 840 cogitaveris.

244 894 388 932 arseuorse
405 877 435 930 in
450 877 523 931 ostio
538 878 661 948 Seaiiyer
673 877 703 931 in
718 876 790 931 ostio
805 893 947 932 arseuerse
961 877 1082 932 Paulus:
1097 883 1186 946 potest

169 965 225 1005 esse
242 950 391 1018 septenarii
408 951 490 1004 iamt.
509 951 599 1004 sorites

168 1200 241 1287 Ego
260 1222 311 1264 me
330 1202 398 1264 esse
416 1201 553 1265 stultum
573 1200 732 1284 existimo,
749 1199 876 1264 fetuum
893 1201 961 1264 e‘sse
977 1221 1043 1264 non
1059 1198 1183 1284 opinor.
1201 1223 1221 1254 o
1236 1219 1262 1268 12.

239 1321 364 1376 Isidorus
384 1321 471 1376 differ.
488 1328 540 1376 500
561 1321 688 1390 ‘quidem
705 1324 834 1375 ueterum
856 1321 989 1375 fatuum
1010 1319 1182 1391 existiment,

169 1392 218 1460 qui
233 1409 286 1446 neo
300 1393 377 1461 quod
394 1393 471 1448 fatur
488 1393 558 1464 ipse,
576 1409 628 1446 neo
647 1393 723 1460 quod
743 1392 792 1446 alii
811 1393 917 1460 dieunt,
936 1391 1093 1462 intelligat;
1114 1392 1183 1446 stul-

171 1467 233 1518 tum
251 1481 317 1518 uero
336 1463 511 1518 hebetiorem
529 1464 620 1518 eorde.
658 1464 732 1518 unde
750 1463 895 1520 Afranius:
916 1480 990 1533 ego,
1008 1463 1114 1533 inquit,
1133 1480 1183 1518 me

173 1534 317 1588 stultum
416 1535 549 1605 opinor:
573 1535 603 1588 id
627 1538 670 1588 est
693 1535 801 1590 obtusis
825 1535 940 1604 quidem
963 1534 1104 1605 sensibus,
1127 1551 1185 1589 non

168 1609 264 1660 tumen
286 1605 393 1661 nullis.'
437 1606 512 1676 Orig.
531 1607 557 1660 X
580 1613 632 1660 246
658 1605 805 1660 ‘stultus
833 1606 962 1661 hebetior
987 1606 1082 1675 corde,
1111 1605 1184 1659 siout

169 1676 285 1744 quidem
308 1676 362 1734 ait:
386 1679 450 1746 ego’
472 1694 495 1732 e.
511 1695 537 1746 q.
553 1696 573 1732 s.
613 1677 659 1730 ‘id
682 1680 726 1731 est
749 1677 878 1732 obtunsis
904 1677 1019 1746 quidem
1047 1677 1183 1746 sensibus,

167 1764 225 1801 non
243 1750 339 1802 temen
356 1748 464 1803 nullis’

240 1871 300 1908 esse
315 1856 398 1924 prius
412 1871 462 1909 om.
472 1856 579 1910 Isidori
593 1857 662 1924 diff,
682 1857 795 1915 Moriar.
810 1857 905 1927 orion,
923 1858 997 1911 rede
1015 1873 1068 1926 ego
1082 1859 1186 1910 memet

168 1925 327 1996 Speeyeiius
376 1925 511 2000 exestimo
526 1927 618 1983 Poris.
630 1931 698 1980 7582
712 1929 797 1998 oriqy.
850 1926 936 1996 opino
952 1929 1084 1995 Woifeiib.
1099 1929 1183 2000 oriyy.

656 2105 699 2162 XI

169 2201 287 2270 Nescio
312 2204 368 2288 qui
391 2204 494 2268 nostri
516 2203 695 2269 miseritust
718 2205 846 2270 tandem
871 2205 955 2270 deus.

242 2324 350 2379 Gellius
368 2325 420 2378 XX
439 2331 494 2394 6,5
516 2325 645 2380 ‘inuenio
669 2369 697 2382 ..
720 2343 778 2380 non
802 2325 900 2395 paucis
924 2325 954 2379 in
976 2326 1046 2380 loeis
1068 2327 1183 2381 nostri

169 2399 256 2464 etque
278 2395 367 2450 uestri
389 2395 508 2464 diotum3
531 2414 588 2451 non
606 2400 733 2451 nostrum
751 2399 802 2451 sut
820 2400 946 2451 uestrum
965 2441 970 2451 .
987 2441 992 2452 .
1009 2442 1014 2452 .
1034 2397 1182 2452 Terentius

168 2467 199 2520 in
212 2467 381 2521 Phormione
402 2511 407 2521 .
424 2511 430 2523 .
446 2511 452 2522 .
471 2467 561 2521 nostri
578 2471 689 2522 nosmet
706 2468 840 2538 paenitet.
874 2467 1006 2522 Afranius
1020 2468 1050 2522 in
1068 2471 1185 2539 togatas

169 2537 276 2592 nescio'
297 2555 320 2594 e.
336 2556 362 2606 q.
377 2555 398 2592 s.
438 2539 478 2592 ‘et
495 2539 630 2593 Laberius
653 2539 684 2592 in
701 2539 907 2608 Necyomantia
926 2583 932 2594 .
950 2583 955 2594 .
973 2583 978 2595 .
996 2539 1087 2594 nostri
1110 2539 1183 2594 obli-

166 2612 213 2662 tus
236 2612 286 2665 est.
330 2609 447 2666 dubium
469 2626 563 2680 porro,
591 2609 697 2680 inquit,
725 2628 782 2664 non
805 2614 861 2681 est,
890 2610 959 2679 quin
985 2611 1085 2665 eodem
1110 2611 1182 2666 haee

168 2679 264 2734 omnio
288 2697 356 2734 eesu
381 2680 523 2737 dicontur:
551 2681 641 2735 nostri
664 2681 770 2736 oblitus
794 2685 849 2749 est,
878 2681 990 2736 nostri
1017 2681 1182 2738 misertus

169 2754 233 2819 est,
258 2768 313 2820 quo
337 2751 441 2805 dieitur
463 2751 519 2806 mei
541 2752 681 2822 paenitet,
707 2752 763 2807 mei
785 2753 916 2807 misertus
940 2755 1002 2809 est!
1040 2753 1114 2808 infre
1135 2760 1182 2808 11:

171 2823 231 2876 ‘our
249 2822 338 2892 igitur
352 2823 499 2878 Terentius
517 2823 645 2892 paenitet
661 2823 759 2893 nostri,
778 2841 835 2878 non
850 2827 986 2894 nostrum,
1006 2827 1035 2878 et
1048 2824 1182 2878 Afranius

168 2893 282 2948 nostri
305 2893 482 2948 miseritus
506 2897 569 2964 est,
593 2912 650 2949 non
667 2897 828 2951 nostrumi’

239 2999 397 3054 miseritust
414 3001 512 3070 scripsi
529 3001 670 3056 miseritus
690 3023 724 3070 ω,
745 3003 869 3058 osiride
887 3020 973 3072 supro
993 3002 1079 3058 Gellii
1101 3002 1183 3057 verba

645 3179 705 3238 XII

169 3331 175 3343 .
201 3330 208 3344 .
231 3301 296 3343 non
319 3301 450 3364 possum
465 3279 608 3344 'ue‘rbum
630 3281 747 3344 fecere:
771 3278 933 3344 obbrutui.

240 3400 323 3454 Pauli
341 3401 441 3455 Festus
463 3420 490 3471 p.
507 3406 557 3454 187
576 3402 613 3456 M.
635 3400 841 3470 ‘obbrutuit,
866 3399 1025 3470 obstupuit,
1050 3417 1067 3454 e
1089 3400 1182 3470 bruto,

169 3471 250 3600 gulosi
266 3471 377 3598 rlrlrgtnigrgr
392 3471 553 3611 griffi&
573 3474 715 3526 interdum
732 3489 783 3542 pro
803 3471 915 3542 stupido
935 3471 1074 3527 dixerunt.
1101 3471 1183 3526 Afru-
