2694 3906
161 133 227 197 200
550 83 579 184 i.
598 131 781 186 iussurus

161 295 191 347 ie
210 295 239 346 ei
257 308 355 346 uereor
374 292 424 346 abs
443 295 472 345 ie
491 333 497 346 .
513 334 520 347 .
535 335 542 348 .
560 291 694 346 Airanius
712 290 742 344 in
761 289 955 346 Consobrinis:
974 289 1048 344 hem’
1069 306 1092 343 e.
1107 306 1133 357 q.
1149 307 1171 346 s.
1245 358 1248 364 1

164 363 222 417 ‘hie
240 362 332 417 uereri
351 379 384 416 ex
403 379 437 416 ea
454 365 535 432 paria
555 362 662 418 dicium
681 365 732 432 esi,
751 379 824 431 quae
843 365 887 416 esi
903 379 961 416 non
978 359 1129 415 usitatior!

235 476 249 522 1
270 486 315 523 em
332 471 431 538 scripsi
447 469 512 523 hem
531 491 552 523 ω
625 469 687 523 uita
704 468 771 522 uilis
791 469 906 539 Lipsius
923 467 1052 522 uitabilis
1070 487 1092 521 ω

164 548 180 596 2
200 541 248 612 ab]
268 558 285 594 a
306 541 394 596 Germ.
413 540 503 612 Dupd.

651 639 682 696 ΙΙ

111 757 145 804 35
164 739 225 804 Pol
247 739 351 826 magis
373 740 467 804 istius
490 739 684 803 temulentae
707 739 811 803 fusilis

236 861 334 914 Festus
357 879 384 930 p.
404 867 456 915 364
474 861 511 915 Μ.
538 861 715 914 ‘temetum
742 859 840 912 uinum
858 892 892 900 -
910 859 1061 914 temeti-
1079 891 1113 899 -
1131 862 1172 912 ie-

164 932 322 986 mulenium
336 964 369 972 -
384 931 554 986 temulentas
565 931 740 986 —Afranius
755 931 785 984 in
800 930 991 988 Consobrinis:
1009 930 1068 1000 pol’
1080 947 1103 986 e.
1114 947 1140 998 q.
1151 947 1172 984 s.

645 1100 693 1158 ΠΙ

166 1200 237 1267 Seis
258 1200 406 1265 ha'biium
429 1201 476 1266 iia
497 1205 534 1265 ut
557 1223 642 1265 nuno
666 1201 799 1267 obtinet.
824 1239 865 1248 -
888 1200 1096 1266 Praefisoine!

239 1321 380 1378 Charisius
398 1340 425 1391 p.
438 1327 488 1376 189
502 1322 532 1376 P.
554 1322 780 1392 ‘praefiscine
794 1321 926 1376 Afranius
940 1321 971 1374 in
984 1319 1176 1376 Consobrinis:

167 1394 232 1449 sois’
253 1411 276 1449 e.
291 1412 318 1462 q.
334 1411 354 1448 s.
376 1394 437 1462 ‘per
455 1410 478 1463 o,
497 1411 554 1447 non
572 1410 622 1463 per
639 1393 669 1448 i.’
690 1393 775 1464 (afra
793 1394 864 1463 cod.)

649 1545 693 1602 IV

647 1651 719 1710 oum
742 1646 848 1710 mitris
871 1645 1036 1710 ealauiiois

243 1764 334 1820 Sohol.
359 1765 490 1820 Bobiens.
513 1767 543 1819 in
567 1765 622 1822 Cio.
645 1785 672 1836 p.
692 1773 744 1821 336
764 1767 808 1822 Or.
835 1766 998 1838 ‘eulauti0a]
1022 1763 1180 1820 omamenii

170 1835 755 1963 {obuiumbrissiis}
768 1835 1181 1964 iiiefflffffiiissiiaffff

171 1977 324 2032 laubicis.
361 1979 505 2048 Impudioo
528 1979 616 2048 igitur
638 1979 739 2034 habitu
762 1954 944 2035 erubescendi
968 1979 1075 2034 decoris
1094 1995 1180 2047 quae·

172 2049 239 2103 dam
256 2049 346 2120 figura
365 2049 551 2106 describitur?
581 2050 621 2105 Cf.
641 2051 705 2106 CGl.
724 2051 801 2105 1195
821 2051 853 2106 G.
875 2050 1084 2118 ‘oaoauiioa
1104 2045 1180 2112 εἶδος

171 2121 273 2190 ζώνης’
294 2120 482 2191 (ealauiioa
492 2121 657 2192 Vulcanius)
676 2121 884 2176 Hildebrandns
902 2123 986 2192 gloss.
1001 2123 1063 2176 Par.
1077 2140 1104 2190 p.
1119 2126 1180 2174 241.

661 2272 690 2328 V

172 2372 249 2440 Non
263 2396 334 2437 sum
348 2372 433 2457 apud
445 2395 505 2437 me.
519 2411 564 2420 —
578 2372 663 2438 Hem
676 2373 783 2438 le‘ntus
796 2373 882 2437 lente
897 2374 978 2456 quae‘
994 2372 1114 2460 rogabo
1130 2423 1137 2436 .
1152 2423 1158 2436 .
1174 2422 1182 2438 .

244 2493 387 2549 Charisius
405 2513 432 2564 p.
448 2499 499 2548 183
518 2495 549 2551 Ρ.
570 2495 679 2549 ‘lenis
698 2495 831 2549 Afranius
850 2494 880 2548 in
899 2492 1093 2548 Consobrinis:
1112 2492 1181 2546 non'

172 2582 195 2620 e.
215 2584 241 2634 q.
262 2584 282 2620 s.

244 2672 380 2784 Rogmoi
397 2674 506 2744 sipuum
524 2679 549 2733 R
567 2679 642 2728 mai
659 2675 692 2727 iu
709 2675 766 2728 cod.
827 2673 892 2726 hem
909 2672 1008 2741 seripsi
1026 2686 1071 2724 sm
1088 2670 1145 2724 eod.

173 2797 308 2868 lenisque,
328 2798 384 2851 eod.
404 2795 534 2864 lenisque
553 2798 582 2849 ie
601 2797 640 2851 eoi.
656 2813 701 2865 pr.
719 2796 795 2850 lente
813 2798 841 2850 ie
860 2797 979 2851 Bothius
1046 2795 1184 2850 Additum

173 2870 289 2936 sonasse
306 2868 363 2934 fuit
382 2866 427 2920 dio
445 2866 515 2920 mihi

656 2964 699 3022 VI

176 3117 339 3130 ......
362 3063 459 3149 naha,
482 3065 601 3130 reiine't
622 3088 707 3130 nuno
730 3066 875 3150 linguam
898 3066 1069 3131 mordicus.

175 3185 390 3325 uahaChaarigiuss
408 3205 435 3256 p.
451 3192 502 3240 184
520 3187 550 3244 P.
576 3187 761 3241 ‘mordicus
780 3187 911 3241 Afranius
937 3187 967 3241 in
991 3185 1183 3242 Consobrinis:

247 3364 323 3418 uaha
340 3366 404 3432 fort.
423 3366 455 3419 iu
473 3372 589 3420 eatremo
606 3382 685 3420 uersu
703 3366 862 3420 collocatum
878 3367 949 3434 fuit:
976 3365 1033 3418 uah
1052 3366 1186 3420 Plautum

176 3443 202 3490 ei
223 3436 377 3490 Terentium
394 3439 568 3504 usurpavisse
591 3438 666 3490 docet
685 3437 717 3492 P.
737 3436 849 3492 Richter
866 3439 898 3492 iu
916 3437 1097 3492 &sumundi
1113 3436 1184 3490 stud.

176 3507 190 3560 I
209 3511 260 3558 636
332 3522 406 3560 nuno
424 3509 481 3562 eod.
500 3507 583 3560 homo
602 3509 641 3562 ed.
658 3525 702 3575 pr.
