2694 3906
198 153 260 219 176
622 149 780 208 TITINIVS

196 316 260 394 Qui
278 337 317 381 ex
335 280 426 380 tanta
443 313 583 380 factiine
602 318 698 400 atque
717 315 833 401 opibus
850 313 993 401 puellam
1015 329 1087 378 cum
1110 331 1207 378 ausus

780 421 922 509 edgredi.

266 524 375 580 Nonius
390 530 450 592 304,
461 531 493 579 81
509 525 634 580 ‘factio
647 524 751 579 iterum
765 525 907 596 significat
921 523 1104 596 opulentiam,
1119 523 1208 578 abun-

196 596 325 652 dantiam
352 599 382 652 et
407 595 595 652 nobilitatem,
631 595 754 651 Titinius
782 597 913 652 sediam
939 595 1069 650 metuc'
1094 611 1118 650 e.
1138 611 1165 664 q.
1185 611 1206 648 s.

196 667 339 737 (Setinaz
358 669 471 722 metuo
489 668 637 722 Mercerus.
673 667 794 723 fortasse
813 667 932 723 Setina
950 665 1051 722 titulus
1070 669 1136 720 ante
1156 681 1207 720 se-

197 739 289 793 diam
311 737 429 808 excidit,
454 738 504 793 sed
521 741 618 793 manet
634 737 745 794 incerta
761 738 840 794 tituli
857 738 934 794 fides.
972 737 1102 793 Ceterum
1120 736 1155 792 cf.
1174 737 1207 792 fr.

196 810 269 867 VIII.
287 809 333 865 IX.
353 810 405 864 XV
424 809 500 880 apud
517 809 590 866 Non.
610 815 669 880 186,
689 816 724 864 84
743 813 772 864 et
790 815 832 880 87,
853 813 898 880 18)

269 923 283 971 1
305 917 354 972 sed
373 915 461 971 etiam
478 916 507 970 B
525 915 575 970 sed
592 931 657 970 cum
674 915 732 970 iam
750 916 789 970 M
892 917 1070 970 mcuemetuc
1088 911 1133 970 H¹
1151 931 1209 970 me-

196 991 292 1043 metuo
312 987 358 1043 H'
419 987 513 1042 hercle
530 989 625 1042 metuo
638 989 732 1043 Vatia.
752 991 804 1042 308
872 987 942 1042 Casu
960 1007 981 1041 ω
1049 985 1209 1056 tpuellem

195 1061 378 1130 seripei'eam
396 1079 417 1114 ω
435 1058 516 1112 illam
534 1059 720 1114 Neuttrchius
781 1057 831 1126 qui
850 1057 913 1112 eam
930 1060 1013 1113 tanta
1031 1073 1066 1112 ex
1083 1057 1208 1112 factione
1330 1112 1333 1139 ι

196 1133 283 1199 atque
302 1129 403 1200 opibus
422 1147 507 1186 ausus
526 1147 588 1183 sum
601 1130 721 1186 Bottiaa
733 1131 867 1186 trochaeis
922 1131 1043 1186 &urum
1060 1130 1095 1196 cf.
1110 1129 1211 1184 Plauti
1326 1133 1328 1138 '

199 1201 640 1271 mmmfflmm

681 1332 725 1392 IV

145 1423 307 1542 ffchula
329 1455 411 1519 mee,
431 1435 556 1520 amabo,
578 1433 634 1519 p6l
656 1429 746 1500 tuam
768 1433 809 1500 ad
830 1433 958 1499 laudem
980 1433 1090 1500 addito
1109 1435 1210 1520 ‘prae-

781 1539 916 1607 fiscini’!

269 1643 411 1700 Charisius
425 1661 452 1714 p.
464 1649 515 1698 189
524 1643 554 1698 P.
566 1643 788 1714 ‘praefiscini
802 1641 924 1699 Titinius
938 1643 968 1698 in
982 1644 1091 1702 Setina:
1106 1643 1207 1700 Paule’

199 1733 222 1770 e.
237 1734 264 1785 q.
279 1733 300 1771 s.
322 1717 368 1770 ‘ne
385 1714 482 1784 puella
499 1713 671 1788 fascinatur?
691 1715 840 1780 (sentina
858 1715 919 1770 eod.
936 1715 1104 1786 Explicandi
1123 1731 1209 1770 causa

198 1787 285 1841 verba
305 1787 352 1840 ‘ne
369 1785 465 1855 puella
483 1785 647 1840 fascinetur’
667 1785 826 1840 charisium
848 1785 1001 1842 subiecisse
1023 1785 1133 1842 monuit
1152 1787 1209 1842 Gu-

197 1857 320 1912 lielmius
337 1855 425 1911 Veris.
439 1856 466 1910 11
481 1862 522 1923 14,
540 1855 610 1911 item
628 1855 755 1926 Scaliger
771 1857 845 1912 Cast.
861 1858 897 1912 ad
915 1857 989 1912 Fest.
1004 1875 1031 1928 p.
1048 1862 1117 1928 148.)
1141 1849 1208 1914 For-

197 1931 274 1984 tasse
293 1944 397 1997 sponsa
414 1926 547 1996 loquitur.

270 2035 399 2092 Somnos
416 2035 481 2090 oiim
494 2035 632 2104 praetuti5
655 2049 787 2105 pascuus
808 2041 872 2091 astte
889 2033 938 2104 pol
956 2037 1085 2092 dimiserit
1105 2036 1209 2092 Tmar-

198 2108 249 2162 bae
302 2108 382 2160 tuam
398 2107 498 2176 scripsi
514 2107 547 2159 tu
564 2107 623 2160 cod.
690 2183 718 2240 V

198 2284 252 2352 An
271 2285 348 2371 quia
360 2283 428 2372 ‘pol
446 2285 569 2370 edepcl’
583 2283 737 2370 fibulare,
760 2285 827 2350 ‘edi
841 2285 940 2352 medi'
952 2283 1128 2352 meministi
1145 2285 1210 2352 -‘?

270 2407 412 2463 Charisius
429 2425 457 2476 p.
473 2411 524 2461 178
538 2405 567 2460 Ρ.
584 2405 711 2460 ‘medio
725 2405 813 2477 (edic
828 2406 959 2478 excerpta
971 2407 1059 2465 Paris.
1074 2410 1103 2463 et
1115 2405 1208 2478 Bern.)

198 2477 300 2547 iidie,
318 2494 368 2548 per
385 2479 481 2533 Iouem
498 2476 545 2531 uel
563 2477 647 2531 fidem
665 2477 790 2532 filiumue
808 2477 883 2532 Iouis
901 2478 1056 2550 Herculem,
1075 2492 1148 2549 quae
1166 2478 1208 2532 iu-

198 2549 272 2604 ratio
291 2566 341 2618 pro
362 2549 406 2602 ria
423 2548 547 2602 uirorum
565 2551 617 2629 est
635 2550 667 2603 ut
684 2547 853 2612 feminarum
870 2549 970 2619 edepol
988 2554 1098 2606 ecastor
1116 2550 1209 2606 eima

198 2619 326 2688 Denique
336 2567 488 2674 firmius
502 2617 537 2672 in
547 2618 666 2673 Setrna
679 2619 895 2674 molliculum
909 2621 1208 2676 adulescentulum

199 2689 402 2746 effeminate
424 2689 621 2758 loquentem
639 2705 711 2744 eum
729 2691 979 2760 reprehendere
1002 2692 1125 2762 magis’
1145 2697 1207 2764 (scr.

199 2761 376 2832 magister)
397 2761 533 2832 ‘uellet,
551 2761 613 2831 An,
631 2761 733 2832 inquit,
751 2761 847 2832 quia'
867 2777 891 2818 e.
910 2780 937 2832 q.
956 2780 977 2818 s.

273 2867 330 2922 ‘edi
343 2867 429 2922 medi'
445 2866 599 2923 meministi
612 2869 1069 2950 inperfectcmseateats'urassquum
1080 2869 1211 2951 awaus

200 2955 306 2995 marem
323 2941 353 2994 te
372 2941 443 3009 esse)
462 2941 623 2997 damtunam
633 2942 724 3010 poma.
753 2940 844 2994 adime
858 2939 974 2994 drem1m
992 2941 1049 2996 cod,
1069 2939 1116 2995 edu
1133 2940 1211 2994 medi

199 3014 240 3067 ed.
255 3021 301 3082 pr.
322 3010 380 3066 ‘edi
397 3010 483 3065 medi'
502 3010 612 3066 minare
628 3013 661 3067 de
675 3018 750 3082 post.
770 3011 817 3067 lut.
833 3027 862 3082 p.
879 3017 914 3066 88
931 3013 1034 3068 conieci

683 3143 728 3203 VI

202 3295 208 3310 .
233 3296 240 3310 .
264 3295 271 3309 .
294 3297 301 3310 .
325 3246 417 3331 quasi
438 3243 720 3330 hermaphroditus
743 3243 944 3312 fimbriatum
967 3242 1108 3312 frintem

202 3349 324 3417 Gestis
644 3363 648 3374 '
933 3347 937 3356 ⁴

271 3453 380 3509 Nonius
399 3461 459 3524 204,
478 3456 512 3510 88
533 3454 695 3509 ‘frontem
714 3497 720 3510 .
737 3497 742 3509 .
759 3497 764 3508 .
783 3453 938 3508 masculino
957 3454 1079 3511 Titinius
1098 3455 1209 3512 Setina:

202 3523 293 3592 quasi’
314 3541 338 3580 e.
352 3543 379 3593 q.
394 3544 415 3581 s.
451 3526 530 3580 Idem
547 3525 729 3595 paedagogus
747 3524 825 3592 loqui
843 3525 962 3580 ridetur.
