2666 3914
195 145 235 208 16
310 219 311 222 Ν
583 143 638 200 eu
658 143 818 199 NAEles

192 305 268 358 recte
291 303 336 385 (of.
360 303 504 358 Iuventius
524 322 550 358 v.
566 306 607 372 9),
631 303 663 385 ut
682 303 778 358 'altera
800 303 863 372 illa,
888 302 926 384 ad
949 320 1034 384 quam
1055 303 1151 358 Plauti
1173 305 1204 358 in

193 374 437 444 Curcuhone113‚
453 381 486 428 16
505 374 660 444 adpellatro
679 375 843 444 quadraret,
863 374 1010 428 exardent:
1033 373 1089 428 fuis
1107 378 1203 430 autem

193 445 313 500 fortasse
331 463 414 516 prox
433 446 478 518 (cf.
497 445 597 500 Pseud.
614 449 701 517 lass).
740 445 779 500 Cf.
798 447 945 516 praeterea
963 445 1016 501 inc.
1035 445 1092 500 fab.
1107 447 1180 502 VIII.

591 587 809 672 ununusns

265 730 305 786 Cf.
321 728 506 800 ΙΜοιινόμενος
523 729 640 800 Diphili.

141 857 175 904 49
196 838 330 904 Animae
352 833 577 924 pauxillulum
589 839 626 904 r‘n
646 861 697 916 me
720 839 827 912 habet.

264 961 413 1016 Diomedes
431 979 458 1030 p.
474 965 525 1014 335
539 961 570 1017 P.
596 959 720 1014 ‘habeo
744 963 773 1014 et
795 960 894 1015 habito
918 961 1050 1032 dicimus,
1073 965 1106 1016 ut
1127 963 1203 1032 apud
1321 991 1322 994 ¹

194 1033 334 1088 Naeuium
352 1032 382 1086 in
400 1031 597 1088 Dementibus:
617 1031 739 1086 animae'
759 1043 783 1086 e.
798 1050 824 1100 q.
840 1051 861 1087 s.

264 1141 352 1194 habet
362 1129 485 1194 ¹testatas
502 1139 647 1193 Diomedes
664 1137 779 1192 habitat
797 1159 818 1192 ω

501 1355 502 1358 ,
582 1306 793 1366 DMMMTRIV
794 1306 814 1366 S

266 1421 306 1476 Cf.
330 1421 488 1492 Δημήτριος
510 1419 528 1490 ἢ
554 1421 715 1491 Φιλέταιρος
736 1421 863 1478 Alexidis
889 1439 1016 1491 quaeque
1039 1422 1163 1477 Koclrius
1178 1424 1204 1477 Π

125 1497 127 1502 “
194 1511 221 1563 p.
236 1499 288 1546 313
307 1493 463 1548 adnotavit.

74 1615 77 1623 ⁴
194 1602 341 1687 persibus

267 1723 356 1779 Varro
375 1724 411 1778 de
429 1723 485 1779 151.
500 1723 552 1778 VH
567 1729 617 1778 10⁷
632 1725 669 1778 M.
696 1725 783 1794 ‘apud
805 1725 946 1779 Naeuium
967 1725 998 1779 in
1019 1725 1203 1782 Hesiona

195 1795 226 1849 in
244 1795 381 1850 Clastidio
397 1795 483 1850 ...in
500 1795 572 1849 Dolo
644 1795 675 1849 in
696 1795 854 1852 Demetrio:
881 1795 1040 1866 persibus
1064 1813 1082 1851 a
1104 1796 1203 1867 perite,

195 1867 292 1935 itaque
311 1867 363 1920 sub
382 1866 435 1922 hoc
452 1866 593 1936 glossema
611 1869 709 1922 callide
728 1867 926 1922 subscribunt!
960 1866 1000 1922 Cf.
1019 1867 1072 1922 inc.
1088 1867 1144 1923 fab.
1156 1869 1203 1922 IX.

195 1937 278 1992 Pauli
295 1937 395 1992 Festus
413 1956 440 2008 p.
455 1943 507 1992 336
521 1937 559 1992 M.
580 1937 681 2008 ‘sibus‚
701 1937 821 1992 callidus
840 1938 900 1992 siue
919 1939 1037 1992 acutus!

633 2105 765 2166 DOLVS

266 2221 306 2276 Cf.
330 2219 428 2278 Asana
449 2222 562 2278 Eubuli.
598 2221 818 2277 Klussmannum
845 2222 979 2278 refutavit
1007 2223 1045 2282 M.
1063 2223 1204 2294 Hauptius
1320 2195 1322 2208 .

195 2293 296 2348 Philol.
311 2294 324 2346 I
338 2299 398 2348 375.

198 2403 353 2488 Caperdta
375 2404 481 2469 fronte

266 2525 355 2580 Varro
375 2525 409 2579 de
428 2525 446 2580 l.
461 2525 479 2580 l.
495 2524 546 2579 VH
560 2531 611 2594 107
626 2526 663 2581 M.
684 2525 785 2578 ‘multa
804 2525 880 2594 apud
898 2527 997 2594 poetas
1016 2523 1125 2593 reliqua
1143 2541 1204 2579 esse

196 2598 291 2666 uerba,
302 2614 420 2666 quorum
429 2595 551 2666 origines
560 2597 671 2666 possint
680 2595 745 2665 dici,
754 2613 812 2650 non
822 2594 929 2665 dubito,
939 2598 972 2650 ut
981 2595 1057 2664 apud
1063 2594 1206 2649 Naeuium

122 2701 123 2704 =
195 2669 226 2721 in
248 2667 373 2722 Hesiona
388 2667 474 2722 ...iu
497 2667 634 2722 Clastidio
714 2667 745 2720 in
767 2666 868 2722 Dolo:
892 2668 1055 2736 caperata
1076 2665 1205 2736 fronte,

196 2739 472 2865 {1⁰²p‘ffifi⁰nte'’·
502 2738 678 2864 dosiirresite
697 2738 757 2862 sodi.
777 2737 958 2862 ngelngellii
1022 2740 1204 2861 oaplerrata

196 2826 292 2950 ..su
309 2827 616 2950 essese
636 2826 804 2936 diffidi
814 2826 927 2936 alst
939 2826 971 2950 ¹3.
987 2825 1085 2948 llll?
1098 2825 1115 2862 ⁸
1130 2825 1204 2862 Μ’

268 3008 414 3076 caperrata
433 3005 508 3060 Flos.
529 3007 562 3075 (o.
581 3007 689 3076 supro),
713 3006 832 3076 quodsi
852 3021 945 3060 oerum
964 3011 1014 3074 est,
1039 3004 1205 3060 Nescisse.

197 3095 218 3134 c.
237 3079 287 3132 sic:
307 3079 454 3146 caperrata
470 3075 520 3132 ille
538 3077 629 3132 fronte
647 3079 786 3146 scripsisse
800 3081 889 3145 potest

616 3243 787 3304 FICVLVS

196 3327 303 3394 Nsmis
326 3351 441 3394 auarus

267 3449 409 3506 Charisius
427 3470 454 3521 p.
470 3456 521 3506 186
535 3451 565 3506 Ρ,
591 3450 706 3505 ‘nimis
725 3448 850 3504 Naeuius
866 3449 1017 3505 ....idem
1038 3448 1069 3502 in
1088 3448 1204 3519 Figulo:
1321 3483 1322 3488 κ

196 3521 297 3578 nimis
315 3522 459 3578 auarus!
