2668 3904
155 185 222 248 380
321 185 588 242 ANONYMORVM
605 188 784 244 MIMORVM
801 183 997 250 RELIQVIAE

625 375 696 434 XIV

225 465 336 536 Cicero
355 473 393 536 de
412 477 490 538 orat.
505 472 538 538 II
557 474 608 559 61,
622 474 685 538 251
703 475 811 558 ‘atque
829 473 891 538 hoc
910 473 1007 537 etiam
1026 471 1168 536 animad-

156 578 347 643 uertendum
370 585 431 664 est,
463 603 529 645 non
552 603 619 646 esse
643 583 751 646 omnia
773 581 909 645 ridicula
931 581 1043 645 faceta.
1089 577 1169 662 quid
1230 597 1232 602 ·
1323 633 1324 660 ἶ

157 685 242 749 enim
271 689 380 770 potest
407 709 475 750 esse
505 691 572 752 tam
601 689 773 753 ridiculum
803 711 900 773 quam
932 686 1064 752 sannio
1097 684 1168 750 est?

158 815 225 878 ore,
248 793 355 878 uultu,
381 793 547 858 imitandis
569 795 726 880 moribus,
753 817 847 880 noce,
876 795 1011 878 denique
1035 813 1169 876 corpore

157 899 281 964 ridetur
308 902 388 986 ipso.
434 901 554 965 salsum
586 901 672 966 hunc
698 925 831 987 possum
859 901 963 966 dicere
991 903 1087 983 atque
1114 899 1170 983 ita,

157 1028 223 1070 non
241 1012 278 1070 ut
297 1008 365 1072 eius
383 1009 470 1072 modi
489 1011 649 1073 oratorem
669 1031 736 1073 esse
754 1009 863 1093 uelim,
886 1008 941 1072 sed
959 1011 996 1070 ut
1013 1004 1169 1070 mimum'

159 1111 350 1200 (imitandis
368 1114 523 1180 moribus'
543 1116 616 1180 incl.
631 1113 830 1200 Hameclrer)
873 1114 920 1179 of.
938 1112 970 1178 Il
993 1117 1026 1177 et
1043 1111 1171 1178 Nonius

159 1243 190 1304 p.
206 1220 246 1283 61
271 1245 300 1285 v.
324 1222 502 1287 sanniones.
540 1222 695 1286 Zielinski
719 1226 839 1306 quaest.
859 1243 939 1286 com.
958 1219 1010 1284 57.

637 1441 693 1500 XV

226 1541 352 1607 Nonius
389 1543 423 1628 6,
453 1543 496 1608 25
539 1543 693 1607 ‘caluitur
735 1542 857 1606 dictum
899 1545 946 1605 est
989 1541 1174 1625 frustratur,

160 1651 299 1711 tractum
331 1671 350 1712 a
381 1651 503 1714 caluis
536 1650 712 1735 mimicis,
750 1647 851 1732 quod
885 1648 963 1712 sint
995 1647 1173 1712 omnibus

160 1755 390 1818 frustratui.'

629 1885 700 1943 XVI

228 1985 384 2049 Horatius
407 1986 498 2070 epist.
521 1984 537 2050 I
563 1986 675 2071 18,10
704 1986 797 2049 ‘alter
824 1986 858 2049 in
881 1985 1072 2070 obsequium
1098 1985 1174 2069 plus

162 2114 263 2175 aequo
291 2113 412 2176 pronus
440 2095 472 2156 et
499 2093 557 2156 imi
581 2093 715 2157 Derisor
741 2093 817 2156 lecti
845 2092 891 2156 sic
917 2097 1033 2156 nutum
1061 2092 1176 2156 diuitis

161 2197 285 2284 horret,
314 2196 367 2262 Sic
395 2197 491 2262 iterat
518 2191 613 2262 uoces
642 2203 674 2262 et
700 2198 800 2262 uerba
828 2198 974 2262 cadentia
1001 2199 1101 2283 tollit,
1127 2197 1175 2262 Vt

161 2327 297 2389 puerum
330 2327 425 2370 saeuo
458 2305 567 2369 credas
600 2305 719 2368 dictata
755 2305 912 2390 magistro
945 2304 1089 2370 Reddere
1121 2305 1176 2368 uel

161 2412 263 2498 partis
285 2411 420 2476 mimum
443 2412 580 2476 tractare
604 2411 778 2476 secundas?
817 2410 863 2476 Of.
882 2410 986 2476 XVII.

623 2630 711 2689 XVH

110 2759 144 2807 10
165 2783 295 2796 .....
319 2731 408 2795 salua
431 2754 494 2796 res:
517 2733 625 2796 cantat
648 2754 752 2798 senex.

235 2853 334 2906 Festus
357 2871 383 2921 p.
400 2859 450 2908 326
472 2854 509 2908 M.
535 2854 644 2907 ‘salua
667 2871 719 2908 res
745 2897 937 2908 ........
963 2869 1064 2906 senex
1088 2869 1176 2920 quare

163 2923 284 2994 parasiti
297 2923 443 2993 Apollonis
462 2924 493 2977 in
511 2941 612 2979 scaena
632 2925 771 2993 dictitent,
791 2941 905 2978 causam
919 2923 1032 2978 Verrius
1050 2923 1081 2977 in
1099 2924 1117 2978 l.
1131 2924 1175 2994 V.‚

165 3013 284 3064 quorum
301 2995 392 3064 prima
411 2998 454 3050 est
472 2995 494 3048 P
512 2996 616 3066 littera,
635 2997 767 3052 reddidit.
798 2996 873 3064 quod
888 2995 915 3050 C.
930 2995 1052 3064 Sulpicio
1068 2995 1096 3050 Ο.
1109 2995 1176 3048 Ful-

165 3067 212 3121 uio
232 3083 295 3135 cos,
315 3067 352 3120 M.
368 3067 518 3136 Calpurnio
532 3067 634 3122 Pisone
648 3087 692 3138 pr.
708 3069 767 3122 urb.
783 3067 905 3122 faciente
923 3066 1004 3120 ludos
1025 3066 1118 3120 subito
1138 3067 1177 3120 ad

166 3155 244 3192 arma
267 3137 386 3192 exierint
408 3138 539 3193 nuntiato
559 3140 682 3194 aduentu
705 3139 830 3194 hostium
848 3139 1024 3206 uictoresque
1046 3137 1077 3191 in
1095 3138 1177 3192 thea-

164 3213 240 3264 trum
257 3208 393 3263 redierint
411 3209 540 3279 solliciti,
563 3227 598 3264 ne
617 3210 769 3265 intermissi
789 3209 955 3280 religionem
974 3209 1115 3264 adferrent
1133 3209 1177 3263 in-

166 3279 367 3347 staurandique
386 3284 491 3336 essent:
513 3281 660 3335 inuentum
679 3298 738 3335 esse
756 3281 798 3334 ibi
818 3281 845 3335 O.
864 3279 1049 3350 Pomponium
1067 3279 1177 3334 liberti-

164 3369 232 3404 num
253 3350 370 3404 mimum
390 3369 493 3421 magno
512 3355 594 3420 natu,
618 3351 667 3420 qui
690 3353 727 3406 ad
750 3351 896 3406 tibicinem
915 3351 1040 3406 saltaret.
1077 3351 1177 3419 itaque

165 3421 269 3491 gaudio
290 3438 348 3474 non
369 3422 543 3490 interruptae
565 3421 710 3492 religionis
730 3423 836 3476 editam
854 3439 952 3476 uocem
970 3439 1045 3477 nunc
1064 3439 1177 3490 quoque

166 3491 309 3546 celebrari.
342 3495 372 3544 at
390 3493 420 3545 in
438 3493 491 3545 hoc
509 3493 581 3546 libro
601 3493 686 3546 refert
700 3493 780 3547 Sinni
794 3493 938 3562 Capitonis
956 3494 1052 3562 uerba,
1072 3493 1176 3561 quibus

166 3579 213 3618 eos
237 3561 318 3614 ludos
341 3563 518 3631 Apollinares
542 3563 659 3618 Claudio
683 3567 712 3618 et
734 3564 833 3618 Fuluio
857 3564 1025 3620 contactos
1049 3563 1120 3619 dicit
1143 3581 1178 3618 ex
