2668 3904
172 179 239 243 378
338 177 606 234 ANONYMORVM
623 177 802 232 MIMORVM
820 175 1016 242 RELIQVIAE

173 365 268 427 mus,
308 345 350 405 ut
386 342 490 406 mimi
526 341 668 426 solent,
704 343 846 424 ettop
851 360 953 404 emus
991 362 1009 403 a
1043 337 1216 422 Libero,

174 471 322 533 aquam,
350 471 368 511 a
394 447 578 532 Lymphis
604 448 756 512 uinum?

245 587 354 668 Ibidem
367 586 469 642 VII‘
471 604 507 642 ne
526 587 702 642 absurditate
720 586 891 656 turpissima,
913 586 1005 656 qualis
1023 586 1188 640 ioculariter

173 658 205 711 in
232 658 317 712 mimo
344 658 404 712 fieri
433 659 516 728 solet,
546 661 690 728 peteretur
718 675 735 712 a
762 658 863 712 Libero
891 675 979 740 aqua,
1009 675 1025 712 a
1051 658 1186 728 Lymphis

174 729 354 856 {dinitidatro'
370 731 445 798 quod
465 703 527 783 curin
545 729 577 792 fit
596 729 632 783 ab
652 728 806 784 scientibus
824 729 930 798 mimis,
955 702 1040 799 digne
1058 729 1188 783 ridentur

660 971 703 1029 IX

174 1125 337 1137 ......
362 1093 380 1136 0
405 1071 571 1136 dominum
593 1091 732 1158 aequum
754 1073 788 1135 et
810 1071 944 1135 bonum!
1012 1092 1015 1098 ·

247 1211 396 1266 Suetonius
420 1210 480 1266 Oet.
502 1217 536 1264 53
561 1209 679 1264 ‘domini
705 1209 926 1280 appellationem
948 1211 980 1263 ut
1002 1209 1187 1265 maledictum

175 1288 204 1339 et
222 1283 402 1366 opprobrium
421 1299 535 1364 semper
546 1281 697 1336 exhorruit.
730 1299 794 1334 cum
810 1283 955 1350 spectante
969 1297 1002 1335 eo
1021 1281 1103 1334 ludos
1121 1298 1185 1350 pro·

174 1355 336 1410 nuntiatum
355 1353 458 1408 esset
450 1372 480 1408 m
497 1353 596 1408 mimo·
621 1352 838 1407 odominum’
859 1369 961 1420 e...qs
1001 1353 1041 1405 ‘et
1060 1351 1186 1406 uniuersi

174 1427 257 1496 quasi
285 1425 355 1480 de'
346 1443 408 1496 1pso
436 1425 543 1478 dictum
570 1423 729 1479 exultantes
757 1423 998 1504 comprobassent,
1031 1425 1060 1476 et
1087 1423 1186 1478 statim

173 1516 260 1552 manu
282 1498 419 1580 uultuque
441 1495 588 1550 indecoras
612 1495 790 1550 adulationes
813 1494 947 1564 repressit
970 1497 999 1548 et
1025 1490 1187 1562 insequenti

175 1569 221 1623 die
239 1568 405 1639 grauissimo
425 1567 558 1636 corripuit
577 1567 690 1621 edicto)
723 1567 801 1621 Idem
818 1568 916 1620 narrat
935 1565 1048 1620 Orosius
1062 1566 1102 1620 VI
1120 1572 1163 1620 ιι,

668 1805 695 1863 X

140 1940 156 1987 t
241 1917 402 2001 Vopiscus
429 1914 597 1980 Aureliani
627 1937 653 1980 o.
672 1915 715 1979 42
749 1915 801 1979 ‘ut
832 1915 913 1979 bene
944 1915 1066 1979 dictum
1095 1917 1138 1980 sit
1170 1939 1188 1979 a

176 2023 315 2109 quodam
337 2022 467 2086 mimico
496 2043 605 2086 scurra
630 2019 755 2086 Claudii
782 2021 878 2085 huius
905 2021 1120 2107 temporibus,
1148 2023 1187 2086 in

175 2153 248 2194 uno
290 2129 403 2195 anulo
444 2129 566 2196 bonos
605 2129 802 2213 principes
843 2150 956 2212 posse
994 2129 1187 2213 perscribi

176 2243 290 2322 atque
319 2236 497 2322 depingi?

141 2429 143 2432 .
252 2378 328 2432 Vade
345 2393 437 2431 cereas
454 2377 541 2443 effecit
558 2373 712 2430 Salmasius
729 2373 788 2436 hos:
813 2371 844 2426 in
863 2373 947 2427 s'tnulo
966 2390 1022 2428 uno
1045 2373 1187 2443 principes

175 2450 294 2518 possunt
311 2447 379 2502 boni
396 2446 486 2501 Scribi
505 2449 590 2514 etque
608 2445 695 2514 pingi.
724 2446 815 2500 Aliter
830 2447 1005 2514 transpositis
1022 2447 1110 2500 certis
1128 2447 1188 2500 utic

175 2522 248 2588 effici
264 2525 388 2589 possuntt.
444 2599 446 2604 Ι

658 2683 702 2742 XI

141 2819 157 2868 8
244 2795 347 2861 Iulius
368 2794 569 2880 Capitolinus
592 2795 630 2858 de
653 2795 721 2858 rita
742 2793 786 2858 M.
804 2791 963 2858 Antonini
982 2795 1024 2859 29
1048 2795 1188 2859 ‘crimini

177 2905 206 2970 ei
235 2903 345 2968 datum
373 2907 422 2968 est
450 2902 537 2986 quod
563 2901 726 2966 adulteros
752 2900 862 2965 uxoris
889 2901 1089 2985 promouerit
1114 2899 1189 2966 Ter-

176 3013 295 3076 tullum
333 3014 365 3074 et
396 3009 535 3074 Vtilium
571 3013 603 3074 et
636 3006 809 3092 Orphitum
835 3011 878 3086 ¹et
910 3007 1112 3073 Moderatum
1148 3009 1188 3073 ad

175 3119 284 3183 uarios
311 3117 463 3202 honores,
495 3137 569 3180 eum
595 3115 841 3179 Tertullumtet
873 3115 1083 3198 prandentem
1115 3138 1189 3180 cum

176 3245 277 3288 uxore
300 3167 552 3307 depreheriderit
599 3221 637 3285 de
666 3243 729 3305 quc
752 3221 933 3284 mimusm
948 3242 1073 3302 ,scaena
1099 3245 1189 3306 prae-

176 3334 266 3394 sente
294 3328 362 3393 Ant
348 3329 460 3393 tonino
492 3328 587 3392 dixit.
620 3349 693 3392 eum
726 3327 873 3412 stupidus
905 3349 1022 3392 nomen
1051 3329 1190 3394 adulteri

176 3435 288 3500 uxoris
315 3458 334 3498 a
361 3455 454 3498 seruo
483 3437 651 3516 quaereret
677 3435 710 3497 et
737 3433 792 3496 ille
825 3434 943 3499 diceret
974 3437 1024 3498 ter
1052 3434 1190 3501 Tullus

177 3545 211 3605 et
233 3541 336 3604 adhuc
359 3539 508 3623 stupidus
531 3543 710 3622 quaereret,
733 3541 898 3624 respondit
921 3541 1090 3607 iberiam
1112 3545 1191 3610 tibi
1240 3536 1244 3544 ’
