2668 3904
329 189 596 244 ANONYMORVM
614 188 793 243 MIMORVM
811 188 1007 254 RELIQVIAE
1108 185 1173 250 379

160 353 241 418 dixi
273 357 332 417 ter
359 351 495 417 Tullus
528 353 690 416 dieitur?
738 350 866 436 Stupidi
896 349 1009 428 Graeci
1037 371 1161 416 oomme

159 463 328 526 morantur
350 459 385 524 in
410 457 487 523 CIL
506 457 554 523 VI
574 458 659 522 1063
677 480 724 542 sq.

231 599 334 654 Mimus
352 599 474 652 fortasse
491 597 628 652 Manilius
646 597 709 666 fuit,
729 596 808 650 ouius
826 595 892 650 vide
910 595 943 650 fr.
957 596 991 650 Π.

233 724 362 779 Fortasse
383 725 473 778 exitus
494 739 587 778 versus
608 722 652 778 hic
674 721 745 790 fait:
768 719 899 775 iamtibi
918 719 1051 790 diriter,
1074 721 1172 776 Tullus

159 794 318 922 {psipoepppg
338 812 423 865 ueqsae
446 797 490 850 ter
508 792 607 848 Tullus
629 811 714 863 oeqrae
732 792 792 846 dixi
814 795 858 848 ter
874 794 1032 862 separando
1053 795 1174 849 numeris
1201 869 1205 880 ι

637 1015 696 1074 ΧΠ

158 1125 270 1211 (Vos)
292 1125 356 1190 ussi
379 1125 480 1190 uultis
503 1127 607 1190 emere
630 1129 663 1190 et
686 1145 759 1190 earo
782 1125 928 1188 uendere.

231 1265 406 1346 Augustinus
430 1265 465 1319 de
487 1263 576 1320 trinit.
595 1265 696 1319 xmo
726 1265 815 1318 ‘undo
842 1263 893 1317 illa
921 1263 1068 1317 cuiusdam
1094 1263 1174 1318 mimi

159 1336 334 1391 facetissima
355 1336 536 1406 praedicatur
554 1335 714 1405 urbanitas,
738 1335 787 1404 qui
810 1352 874 1389 oum
894 1351 924 1388 se
946 1334 1121 1404 promisisset
1143 1335 1174 1388 in

160 1409 273 1462 theatro
296 1407 365 1475 quid
388 1407 419 1460 in
442 1407 535 1461 animo
558 1407 697 1461 haberent
720 1409 749 1460 et
772 1405 841 1475 quid
863 1406 971 1460 uellent
994 1423 1089 1460 omnes
1110 1406 1173 1460 aliis

160 1478 236 1532 ludis
260 1494 320 1532 esse
342 1477 497 1547 dicturum,
521 1481 606 1546 atque
630 1477 667 1531 ad
690 1477 765 1531 diem
788 1476 973 1531 constitutam
995 1476 1105 1546 ingenti
1128 1494 1173 1532 ex-

159 1548 323 1620 pectatione
340 1549 438 1602 maior*
451 1549 604 1603 multitudo
624 1548 787 1617 conflueret,
811 1547 953 1618 suspensis
973 1550 1002 1602 et
1024 1548 1174 1603 silentibus

161 1620 291 1676 omnibus
319 1619 424 1674 dixisse
450 1620 626 1690 perhibetur:
659 1619 724 1672 uili
756 1619 864 1674 uultis
892 1636 1001 1674 emere
1029 1623 1063 1674 et
1095 1637 1173 1675 oaro

160 1693 317 1747 uendere.
354 1691 387 1744 In
405 1709 461 1760 quo
480 1691 556 1746 dioto
577 1691 715 1746 leuissimi
739 1690 861 1745 scaenici
879 1708 975 1746 omnes
993 1693 1091 1745 tamen
1109 1709 1174 1746 oon·

160 1763 294 1818 scientias
321 1761 490 1817 inuenerunt
518 1781 595 1833 suas,
624 1762 706 1830 eique
733 1778 801 1816 uera
832 1765 898 1816 ante
926 1762 1021 1817 oculos
1050 1763 1175 1818 omnium

160 1835 316 1890 constituta
335 1837 364 1889 et
384 1838 480 1889 tamen
500 1833 646 1904 inprouisa
664 1833 770 1889 dicenti
790 1833 952 1888 admirabili
974 1834 1071 1888 fauore
1094 1835 1174 1904 plau-

161 1907 278 1962 serunt.’

625 2054 713 2132 [XIII

230 2165 333 2230 Iulius
357 2163 559 2249 Capitolinus
582 2166 620 2229 de
643 2164 830 2230 Maximinis
854 2165 979 2230 duobus
1001 2186 1026 2229 o.
1046 2165 1066 2228 9
1091 2165 1175 2230 ‘oum

163 2255 390 2338 immortalem*
407 2293 441 2336 se
467 2293 567 2355 prope
591 2271 733 2336 erederet
760 2271 802 2336 ob
830 2271 1085 2358 magnitudinem
1107 2293 1175 2336 eor-

164 2378 252 2462 poris
274 2376 483 2463 uirtutisque,
507 2378 625 2442 mimus
649 2378 780 2462 quidam
802 2379 836 2442 in
859 2377 986 2443 theatro
1009 2383 1176 2462 praesente

163 2485 221 2549 illo
254 2483 372 2554 dieitur
404 2505 538 2548 uersus
571 2482 735 2549 Graecos
766 2467 898 2568 dixisse,
931 2506 1068 2569 quorum
1098 2484 1176 2549 haeo

163 2595 234 2655 erat
261 2590 378 2654 Latina
405 2589 576 2654 sententia:
605 2594 642 2654 et
671 2591 736 2674 qui
766 2591 811 2655 ab
840 2613 914 2655 uno
944 2612 1018 2655 non
1047 2595 1177 2674 potest

165 2697 306 2782 occidi,
339 2719 358 2760 a
388 2697 522 2760 multis
554 2695 755 2762 oooiditur.
804 2697 987 2782 elephans
1019 2697 1176 2783 grandis

163 2807 224 2867 est
255 2807 292 2867 et
327 2803 532 2888 oooiditur,
567 2803 627 2867 leo
659 2803 776 2868 fortis
807 2807 866 2868 est
898 2807 935 2868 et
971 2803 1176 2888 occidi-tur,

164 2910 283 2996 tigris
309 2910 426 2975 fortis
454 2913 512 2974 est
540 2913 577 2974 et
605 2909 809 2974 oooiditur:
839 2932 930 2974 osus
958 2910 1114 2996 multos,
1142 2911 1175 2974 si

164 3017 341 3104 singulos
382 3039 457 3081 non
497 3017 618 3080 times.
648 3103 650 3107 ι
678 3019 710 3081 et
753 3016 831 3082 haee
871 3018 1064 3102 imperatore
1105 3017 1176 3101 ipso

164 3128 331 3208 praesente
376 3124 442 3188 iam
482 3123 567 3188 diota
606 3127 690 3188 sunt.
749 3123 805 3190 sod
847 3145 921 3189 oum
962 3124 1177 3210 interrogaret

166 3232 301 3316 amieos,
341 3231 418 3315 quid
453 3230 602 3294 mimicus
637 3252 747 3294 sourra
784 3231 930 3315 dixisset,
971 3229 1092 3294 dietum
1129 3233 1177 3294 ast

165 3337 196 3401 ei
237 3335 325 3422 quod
363 3337 514 3420 antiquos
553 3357 665 3402 uersus
702 3341 845 3401 oentarst
881 3339 994 3401 eontra
1030 3335 1177 3401 homines

166 3465 296 3528 asperos
324 3443 474 3529 scriptos3
502 3447 535 3508 et
561 3444 629 3528 ille,
656 3447 694 3508 ut
721 3447 790 3508 erat
817 3443 925 3507 Thrax
952 3447 984 3507 et
1011 3443 1177 3528 barbarus,

166 3549 338 3634 credidit']
