2668 3904
185 145 251 212 350
511 143 868 200 nncmvsmunarvs

666 341 716 408 Ill

186 432 405 500 amorabunda

257 553 364 609 Gellius
387 553 426 608 XI
449 559 495 623 15,
520 560 534 607 1
565 552 715 608 ‘Laberius
747 552 777 606 in
804 553 880 606 anu
906 551 1017 608 Auerno
1047 553 1196 610 mullerem

185 627 326 679 amantem
350 625 437 680 uerbo
461 623 625 678 inusitatius
651 624 716 678 ficto
744 623 1010 679 amorabundam
1037 624 1117 680 dixit.
1158 624 1194 679 In

183 695 300 750 uerbum
327 695 479 752 Caesellius
507 695 618 750 Vindex
648 695 679 750 in
706 694 907 750 commentario
938 694 1092 752 lectionum
1119 695 1195 750 anti-

184 785 302 838 quarum
325 783 358 822 ea
380 768 470 838 figura
495 766 629 836 scriptum
652 765 736 836 dixit,
764 783 821 834 qua
845 765 1015 837 ludibunda,
1040 767 1196 822 ridibunda

184 841 213 893 et
231 839 389 894 errabunda
408 838 512 893 dicitur
528 837 628 891 ludens
647 839 677 891 et
694 837 788 892 ridens
807 838 837 891 et
854 839 969 892 errans!

504 1076 609 1136 LATE
633 1074 873 1146 mevanius

252 1193 374 1247 Latine
387 1192 569 1260 loquentes
584 1191 741 1261 suspicatus
752 1191 974 1247 estRitschelius
983 1193 1193 1264 Parerg.1148=

182 1264 231 1318 sed
246 1263 280 1319 cf.
296 1263 400 1318 coln
413 1269 465 1318 409
476 1262 507 1317 (i.
520 1261 700 1333 ‘plurativos
713 1261 903 1331 latiloqusus)
932 1261 1058 1318 Medicus
1072 1263 1192 1345 quidam

181 1334 293 1404 ineptus
306 1335 337 1388 in
351 1334 457 1389 anthol.
467 1335 506 1387 XI
520 1339 607 1402 seat
621 1331 757 1389 πλατυλέσ
775 1354 807 1403 ης
820 1333 931 1390 dicitur.
959 1335 1192 1390 Academicorum

181 1406 413 1476 interumpuntur}
432 1404 540 1460 ridetur
558 1421 576 1459 a
593 1405 710 1462 Timone
729 1405 751 1458 s'
778 1403 834 1461 .fr.
848 1405 977 1462 mxu
989 1405 1034 1460 W.

678 1591 694 1648 I
765 1673 821 1738 sed
844 1673 920 1738 dum
941 1675 1110 1760 populeria

180 1761 318 1848 Agimus
339 1783 397 1847 per
418 1761 531 1826 ludum

250 1881 504 1952 Nonius160,26
536 1881 746 1952 ‘populatia‚
780 1886 813 1937 ut
839 1883 955 1954 nugalia
982 1883 1037 1938 uel»
1059 1884 1189 1954 puerilia.

179 1952 314 2008 Laberius
332 1954 415 2009 Late
433 1952 670 2022 loquentibus:
692 1970 707 2008 e
726 1953 813 2008 dum’
829 1971 853 2010 e.
867 1971 894 2024 q.
910 1973 930 2009 s.

252 2066 266 2114 1
286 2060 336 2115 sed
353 2063 451 2131 scripsi
471 2063 500 2115 et
518 2061 595 2114 FH¹
615 2077 630 2115 e
649 2081 671 2130 φ
689 2061 760 2114 haec
779 2060 913 2132 Scaliper:
931 2063 990 2117 alio
1008 2064 1125 2119 ariolari
1142 2065 1188 2132 fo-

179 2133 230 2188 cile
242 2138 282 2188 est
347 2131 496 2202 popularia
509 2131 642 2188 Gesnems
659 2131 780 2202 puerilia
793 2153 815 2186 ω
833 2131 984 2204 populacia
996 2133 1104 2190 Aldina

669 2319 701 2376 Π

181 2417 247 2496 Qui
270 2419 383 2504 pedem
411 2442 451 2484 ex
478 2419 612 2484 taberna
638 2418 785 2504 tulimus,
816 2419 928 2488 tintus
953 2441 1026 2488 cum
1053 2420 1190 2488 instaret

919 2527 1023 2610 pluor.

250 2645 358 2700 Nonius
383 2651 447 2713 220,
467 2650 500 2698 32
528 2643 661 2714 ‘pluuia
685 2689 690 2700 .
711 2689 716 2700 .
738 2689 743 2700 .
767 2645 916 2701 masculini
941 2646 1076 2702 laberius
1103 2648 1188 2703 Late

179 2717 356 2785 loquente:
381 2715 445 2784 qui’
465 2731 489 2770 e.
504 2733 530 2786 q.
545 2734 567 2770 s.

250 2823 370 2878 instaret
387 2823 532 2893 Heluetiae
554 2824 642 2878 staret
660 2843 680 2876 ω

615 3043 751 3106 NATA-lu

675 3169 691 3227 I

128 3197 170 3318 ob
180 3254 300 3337 cippus.
337 3253 430 3318 obba.
466 3252 606 3317 camella.

251 3373 317 3441 Isq.
338 3372 445 3428 Gellius
464 3372 527 3426 XVI
546 3378 570 3442 7,
589 3378 605 3426 9
628 3373 773 3428 ‘Laberius
871 3372 939 3428 item
961 3372 992 3428 in
1013 3372 1112 3442 mimo,
1135 3373 1186 3442 qm

181 3443 342 3498 inscribitur
364 3443 474 3512 natal,
501 3443 635 3512 cippum
658 3443 728 3497 dicit
751 3446 780 3498 et
802 3444 924 3498 obbam
946 3447 975 3500 et
997 3443 1184 3500 camellam.

182 3515 211 3566 et
230 3512 413 3581 pittacium
432 3516 461 3568 ct
481 3515 654 3583 ospitium.
691 3514 798 3584 Induis,
817 3514 923 3584 inquit,
942 3515 1089 3584 capitium,
1108 3519 1129 3571 t.
1143 3517 1183 3586 p.’
