2684 3908
395 171 425 226 L.
444 171 655 226 POMPONIVS
674 170 919 226 BONONIENSIS
1097 171 1164 236 279

147 329 343 400 (Pompeius
366 330 428 386 Par.
447 331 536 400 Lugd.
555 331 652 386 Dresd.
682 329 755 384 sine
779 346 858 400 ergo
881 329 972 384 istuc
994 329 1056 384 Par.
1073 329 1164 400 Lugd.

148 402 263 470 Dresd.,
292 402 336 457 ed.
358 402 439 456 Tarv.
464 419 527 456 cum
549 401 751 456 recentioribus
778 401 851 455 sine
880 417 960 471 ergo
987 400 1077 455 istec
1100 401 1165 456 edd.

148 471 230 528 ¹llom.
241 472 325 527 Vind.
340 472 425 543 Med.)

152 648 185 703 D
204 579 299 706 ‘iai'
323 581 520 650 rictarpretatur
544 579 595 633 dat
622 595 735 648 operam
759 579 834 644 Boe,
863 577 996 632 deamans
1021 578 1166 634 osculatur

185 665 253 706 aaa

552 797 762 858 PVLLONES

649 923 665 982 I

151 1022 241 1100 Quin
264 1027 352 1112 ergo,
376 1023 503 1109 quando
528 1024 692 1110 conuenit,
716 1023 929 1108 conplectite‘?
953 1061 995 1070 -

80 1179 82 1184 ,
151 1129 201 1194 Mi
225 1130 337 1216 frater,
361 1131 498 1196 saluetol
522 1168 564 1178 -
588 1127 625 1195 Ὀ
650 1152 754 1216 soror,
777 1130 878 1216 selue,
901 1132 984 1196 mea!

149 1251 421 1392 quiniignigssm,
444 1258 477 1306 32
508 1250 747 1321 ‘conplectite
787 1251 958 1322 Pomponius
985 1250 1166 1307 Pullonibus:

224 1435 240 1490 2
259 1429 300 1482 mi
317 1432 357 1486 ed.
372 1449 398 1485 a.
416 1435 484 1484 1471
503 1429 575 1483 mihi
593 1451 615 1484 u
700 1429 809 1483 sulueto
830 1429 1038 1486 OFWMoaller
1052 1431 1167 1500 procori.

132 1501 249 1570 ¹Placet.
266 1506 316 1555 652
335 1501 413 1556 salue
432 1522 453 1556 ω
526 1517 604 1554 soror
622 1501 703 1556 BuP
724 1516 786 1554 soro
805 1521 827 1570 φ

644 1669 676 1728 Π

150 1769 264 1834 Ficite
287 1773 325 1834 ut
347 1769 432 1856 ignis
454 1769 572 1856 feruet,
594 1769 684 1856 ligna
706 1769 850 1856 insipite,
872 1769 921 1833 fer
944 1769 1110 1836 concidite.
1183 1787 1221 1836 50

151 1890 333 2030 facitgogipls
348 1895 409 2015 504,
419 1897 452 1946 26
470 1890 495 1944 ‘f
498 1893 596 1946 eruat
609 1908 659 1960 pro
673 1891 790 1946 ferueat.
822 1889 992 1960 Pomponius
1006 1891 1164 1948 Fullone:

221 2065 332 2121 fcrueat
350 2069 394 2122 Η1
483 2067 599 2138 insipite
618 2068 739 2140 Seoliper
762 2067 890 2138 instipite
911 2089 932 2122 ω
1023 2067 1165 2124 concidite

147 2139 278 2211 taleboys
294 2137 412 2208 pinsite;
430 2141 465 2208 of.
484 2157 508 2194 o.
524 2146 558 2194 86

446 2340 569 2400 GALLI
591 2341 864 2401 TRANSALPINI

74 2543 75 2549 ἵ
146 2460 251 2546 Mers,
274 2460 337 2525 tibi
360 2461 522 2525 facturum
543 2462 661 2546 uinco,
684 2460 712 2524 si
735 2483 888 2544 umquam
911 2460 1055 2547 redierit,

147 2567 281 2632 Ridenti
304 2589 405 2632 uerre.

222 2687 330 2743 Gellius
348 2688 413 2744 XVI
436 2695 496 2759 6‚7
521 2688 709 2757 ‘uidebimus,
735 2705 772 2742 an
795 2703 862 2742 oues
886 2688 975 2758 solae,
999 2691 1031 2743 ut
1053 2691 1086 2743 tu
1109 2689 1162 2759 ais,

148 2759 311 2814 bidentes
335 2759 477 2830 dicantur,
503 2763 532 2814 et
555 2777 592 2814 an
613 2758 783 2828 Pomponius
806 2759 1001 2814 Atellanarum
1023 2763 1108 2830 poete
1130 2761 1163 2815 in

148 2830 242 2885 Gallis
261 2829 454 2900 Transalpinis
473 2831 620 2900 errauerit,
645 2847 708 2884 cum
730 2830 784 2884 hoc
803 2829 926 2900 scripsit:
950 2831 1037 2885 Mers'
1058 2847 1081 2886 e.
1096 2849 1123 2900 q.
1138 2851 1161 2887 s.

147 2900 291 2970 (Galliis
310 2901 417 2972 Peter.)
449 2901 608 2956 Macrobius
624 2901 680 2956 Sat.
695 2901 735 2955 VI
753 2907 778 2970 9,
793 2909 810 2956 4
830 2903 938 2956 ‘uerum
954 2903 1162 2972 procurandum

147 2976 205 3041 est,
231 2989 267 3026 ne
290 2971 362 3026 illud
385 2972 515 3043 obrepat,
544 2972 620 3042 quod
643 2972 804 3027 bidentes
827 2972 973 3042 epitheton
996 2972 1034 3028 sit
1057 2973 1161 3044 ouium,

146 3061 214 3098 cum
231 3043 410 3114 Pomponius,
430 3043 558 3115 egregius
577 3043 772 3098 Atellanarum
788 3046 882 3113 poeta,
901 3043 932 3097 in
950 3043 1040 3098 Gallis
1059 3044 1162 3099 Trans-

147 3113 254 3184 alpinis
273 3115 327 3169 hoc
346 3114 500 3184 scripserit:
519 3116 606 3169 Mars'
622 3131 646 3170 e.
656 3133 682 3184 q.
694 3133 715 3169 s.
747 3114 856 3168 Nonius
872 3121 914 3182 53,
929 3120 962 3169 25
984 3114 1161 3170 ‘bidentes

148 3185 201 3254 qui
224 3185 377 3240 aestiment
399 3186 435 3240 ob
459 3202 522 3240 cem
544 3203 659 3240 causam
682 3202 748 3240 oues
772 3185 934 3255 aVergilio
958 3185 1060 3255 dictas,
1084 3188 1163 3256 quod

146 3257 219 3311 duos
239 3257 337 3310 dentes
355 3256 488 3328 habeant,
507 3257 628 3327 pessim
647 3274 680 3312 ac
695 3257 798 3311 uitiose
817 3256 994 3327 intellegunt.
1026 3274 1093 3312 nam
1108 3275 1163 3313 nec

146 3328 219 3381 duos
239 3328 337 3382 dentes
360 3327 467 3382 habent
486 3331 525 3398 (et
543 3329 597 3384 hoc
615 3327 729 3397 quidem
748 3329 777 3382 et
799 3343 887 3397 genus
905 3327 1023 3382 monstri
1042 3331 1107 3399 est),
1131 3332 1163 3384 et

148 3397 250 3452 melius
269 3397 398 3470 intellegi
415 3402 522 3469 potest,
544 3399 569 3454 si
586 3399 696 3454 biennis
716 3397 819 3454 dixerit
837 3398 1005 3454 auctoritate
1023 3399 1161 3470 Pomponi

147 3469 180 3522 in
203 3469 349 3524 Atellano:
373 3471 459 3524 Mars’
479 3487 501 3525 e.
517 3488 543 3539 q.
559 3489 579 3526 s.
617 3469 797 3541 (‘Pomponii’
818 3469 861 3524 ed.
878 3475 945 3525 1476
966 3469 1162 3542 ‘Pomponius'

148 3539 227 3610 libri)
246 3539 369 3594 Pessime
387 3542 457 3596 haec
477 3544 622 3596 contrecta
640 3558 675 3596 ex
692 3541 821 3597 uberiore
840 3540 925 3596 Gellii
943 3541 1044 3612 capite.
