2694 3906
550 150 580 204 L.
600 150 783 206 AEEANNS
1104 156 1169 220 209

159 309 222 380 [IV]
240 309 316 363 idem
331 309 485 364 Simulante
572 311 601 363 ct
618 309 648 362 in
667 310 864 380 Emancipato:
885 315 1049 382 optandum’
1067 331 1089 368 c.
1105 332 1131 382 q.
1147 333 1168 370 s.

158 380 409 451 (camancipato
427 309 560 436 H¹L¹slld
582 397 619 434 an
637 381 902 454 ecmanoipatot)

620 549 706 607 XXII

143 624 227 733 ι<Ο>
252 651 348 733 qua'rn
371 649 484 714 beatae
506 649 648 714 scenicas
670 649 755 714 mihi
774 651 926 718 uidentur
947 653 1105 738 mulieres,
1170 671 1222 719 loo

158 754 246 832 Quas
269 754 376 840 iurgio
399 757 521 819 terrent
543 755 632 819 uiros
655 755 801 822 desubito
826 761 859 821 ct
880 757 1099 823 beniuolentia
1179 810 1181 816 ,

227 876 335 930 Nonius
364 882 424 945 517,
448 882 480 930 17
506 877 677 931 ‘desubito
809 878 941 933 Afranius
969 880 1166 950 Emancipato:

157 949 253 1016 quam’
274 965 297 1002 e.
313 965 339 1016 q.
355 965 375 1003 6.

228 1061 242 1108 1
264 1057 376 1108 secutae
394 1055 422 1110 L
444 1057 538 1108 scente
559 1056 606 1110 Ba
629 1057 739 1110 scentoc
758 1055 865 1111 PaaO
941 1056 1011 1112 mihi
1035 1057 1167 1112 uidentur

155 1126 335 1196 Brnpnaanns
350 1145 378 1194 p.
395 1132 427 1180 19
451 1125 584 1180 uidentur
602 1126 672 1180 mihi
691 1147 711 1180 a
794 1133 809 1180 2
828 1130 933 1182 terrent
954 1131 1005 1198 (ool
1023 1131 1164 1199 torquent)

154 1196 231 1250 uiros
251 1197 379 1251 desubito
399 1199 428 1250 et
445 1196 639 1250 beniuolentia
655 1215 687 1252 a:
706 1197 830 1252 mulcent
846 1202 1007 1254 sententiam
1020 1203 1165 1270 explevisse

151 1275 228 1338 pato.
252 1271 281 1321 et
308 1267 501 1322 beniuolentia
528 1271 633 1322 terrent
659 1269 737 1336 (flent
761 1270 863 1340 Parae.)
890 1270 1020 1324 desubito
1043 1270 1119 1324 uiros
1143 1293 1164 1325 ω

155 1341 185 1392 61
208 1339 338 1392 desubito
361 1339 553 1393 beniuolentia
575 1341 682 1393 terrent
704 1339 778 1392 111166
802 1343 866 1395 olim
889 1342 1015 1396 dederam
1037 1360 1164 1397 caesnas

155 1411 290 1480 lepitimae
317 1413 449 1478 defectura
473 1412 645 1480 polysyllabo
669 1428 809 1466 6666666116.
853 1411 944 1481 iurgio
972 1412 1163 1482 uiolentiaque

153 1483 259 1534 terrent
279 1481 408 1534 desubito
427 1480 502 1534 uiros
522 1483 695 1536 Passeratius
766 1484 850 1549 quam
868 1483 970 1537 beatae
990 1501 1009 1538 s.
1025 1484 1164 1538 Videntur

153 1551 284 1606 mulieres
313 1551 396 1620 mihi,
425 1569 497 1620 quac
524 1551 615 1621 iurgio
642 1553 679 1605 Et
705 1551 898 1607 beniuolentia
921 1556 1006 1610 urunt
1033 1555 1162 1610 desubito

153 1623 310 1678 uiroane

607 1755 710 1816 ΧΧΙΠ

152 1836 270 1902 '01—
296 1837 380 1914 Quid
403 1839 543 1904 clamas?

224 1959 365 2013 Charisius
387 1977 414 2030 p.
431 1966 482 2013 214
505 1961 534 2014 P.
561 1962 592 2014 ‘o
616 1960 737 2014 dolentis
762 1963 816 2031 661,
844 1964 877 2016 111
975 1955 1106 2017 Afranius
1133 1963 1163 2016 in

152 2029 349 2100 Emancipato:
370 2038 403 2086 o!
431 2031 499 2099 quid
518 2031 656 2087 clamast’

223 2138 343 2192 Poscant
360 2139 442 2192 etiarn
460 2155 495 2192 erc
512 2141 599 2193 medio
616 2155 694 2192 aaron
711 2145 820 2210 snrnpta
838 2156 891 2194 esse

607 2305 706 2364 XXIV

150 2407 217 2492 Au,
249 2407 297 2472 mi
324 2407 435 2471 homo!
481 2406 579 2472 immo
611 2407 723 2490 edepol
752 2408 812 2470 u6s
842 2429 1026 2491 supremum
1053 2411 1160 2470 meum

360 2503 362 2506 ¹
748 2513 976 2578 concelebratis
1000 2513 1092 2576 diem.

222 2634 364 2688 Charisius
382 2653 409 2704 p.
425 2641 477 2688 214
495 2635 526 2689 P.
547 2636 623 2689 ‘au'

521 2723 533 2758 1

220 2759 260 2812 mi
283 2759 367 2812 homo
388 2761 427 2813 ed.
444 2777 488 2828 pr.
512 2777 541 2812 m
560 2776 622 2813 omo
641 2760 697 2814 cod.
784 2759 861 2814 Inter
880 2760 950 2813 alnas
968 2775 1100 2828 personas
1120 2761 1159 2814 sie

150 2832 340 2885 distribuenda
358 2837 383 2884 et
406 2833 566 2901 corripenda
589 2848 642 2885 esse
665 2849 713 2898 au,
736 2831 776 2882 mi
798 2831 889 2884 homo.
915 2832 927 2890 is
949 2829 1034 2883 immo
1059 2830 1158 2898 edepol

149 2918 213 2969 uos,
240 2919 260 2956 s.
279 2919 315 2955 m.
340 2901 562 2955 concelebrantis
587 2901 661 2955 diem
683 2903 820 2972 Berytins
842 2902 970 2956 censebat.
1007 2902 1156 2955 1116616166-

149 2975 233 3026 tionis
251 2990 365 3040 sensnm,
385 2975 422 3027 ad
438 2991 514 3042 qnern
532 2975 670 3042 sequentia
687 2975 836 3027 necessario
851 2975 996 3042 pertinent,
1017 2973 1158 3027 Terentius

130 3045 254 3112 'atetpa
270 3049 322 3098 336
341 3046 463 3098 declarat

556 3193 753 3251 EPISTVLA

220 3309 345 3378 Supparo
373 3309 488 3362 indutus
516 3309 601 3380 (ΧΠ),
628 3308 659 3361 id
686 3311 729 3362 est
755 3308 879 3378 puellam
906 3306 1043 3361 mentiens
1070 3307 1154 3378 (XIV)

148 3379 314 3434 adulescens
334 3380 365 3433 in
384 3383 494 3434 amatas
514 3381 627 3434 domum
645 3379 769 3448 irrepsit,
793 3379 843 3434 ubi
862 3395 922 3434 sero
940 3378 1034 3432 nescio
1053 3378 1155 3448 quibus

147 3451 238 3505 turbis
253 3451 490 3506 intercedentibus
505 3451 666 3522 agnoscitur
680 3468 697 3504 a
711 3454 800 3505 matre
814 3449 894 3504 irata.
923 3450 956 3503 Id
971 3450 1045 3504 enirn
1058 3454 1156 3505 narrat

147 3521 207 3575 filia
225 3522 258 3577 fr.
273 3523 331 3578 XV.

201 3622 280 3663 Sason.
294 3633 355 3670 poce.
369 3623 434 3664 Rom.
447 3623 528 3674 fragm.
542 3623 577 3664 cd.
590 3622 706 3662 1116611611.
727 3622 759 3662 11.
962 3617 994 3664 14
