2666 3914
574 146 777 201 PRAEFATIO
839 143 841 148 ’

330 317 366 375 Η
382 343 424 363 =
442 315 623 375 Harleianus

336 406 365 464 L
384 432 425 452 =
445 404 597 464 Leidensis

328 495 369 552 M
385 520 426 542 =
445 492 734 568 Montispessulanus

343 581 427 642 0=
448 579 622 641 Oxoniensis

341 672 369 728 P
385 698 426 718 =
445 670 599 729 Parisinus

328 761 369 820 W
384 786 426 807 =
445 757 740 818 Wolfenbuttelanus

336 849 368 906 X
386 875 427 896 =
447 847 600 907 Leidensis
623 847 700 906 alter

346 937 363 996 d
387 964 429 984 =
450 935 575 996 extracti
595 955 670 1011 quos
689 928 801 996 Onions
820 935 893 995 dicit
911 936 1026 996 codices

496 1016 760 1105 (BuODMOX).

246 1115 384 1176 Ceterum
401 1113 433 1172 in
450 1112 694 1192 recognoscendis
712 1115 871 1189 poetarum
887 1113 1089 1174 scaenicorum
1103 1112 1184 1171 Lati-

178 1225 286 1266 norum
303 1203 439 1280 reliquiis
457 1220 511 1262 nec
529 1201 604 1260 mihi
623 1220 677 1262 nec
695 1201 764 1262 aliis
781 1222 828 1262 me
847 1220 992 1278 umquam
1015 1201 1184 1261 satisfactu-

178 1314 246 1353 rum
273 1311 335 1352 esse
363 1311 423 1352 non
447 1310 494 1350 me
521 1291 603 1369 fugit
629 1291 771 1366 profecto.
819 1310 1004 1367 quamquam
1032 1291 1187 1350 laudatam

178 1382 265 1442 hodie
283 1400 301 1440 a
319 1380 423 1440 multis
441 1379 612 1439 cautionem
631 1379 693 1439 sive
711 1379 889 1439 modestiam
907 1379 968 1439 sive
987 1379 1186 1457 prudentiam,

180 1489 257 1548 quae
280 1469 417 1530 crucibus
436 1468 563 1528 maxime
586 1467 711 1546 figendis
731 1471 761 1528 et
784 1468 922 1529 cancellis
946 1468 1007 1528 sive
1027 1468 1191 1544 saepiculis

179 1557 402 1635 interponendis
421 1560 452 1617 et
473 1557 645 1617 litterarum
668 1557 772 1616 formis
793 1556 982 1634 obliquandis
1001 1557 1134 1618 cernitur
1151 1577 1188 1616 ne

180 1647 428 1726 septuagenarius
459 1646 580 1723 quidem
610 1645 743 1724 adspiro,
775 1646 829 1722 qui
855 1646 1013 1706 restituere
1040 1648 1077 1704 ut
1102 1663 1189 1722 posse

180 1737 284 1798 videor
301 1737 400 1796 lacera
418 1737 577 1811 poetarum
592 1734 692 1812 verba,
711 1755 771 1795 non
786 1737 956 1811 temporum
973 1735 1187 1811 hominumque

180 1825 292 1884 iniuria
323 1824 442 1884 effectas
475 1818 644 1884 ‘vastitates
676 1819 828 1883 funerum'
858 1843 1002 1900 exponere
1037 1823 1188 1900 proposui.

181 1933 235 1974 nec
258 1914 402 1972 fallentur
424 1913 557 1989 profecto
581 1913 703 1990 creduli,
731 1913 784 1988 qui
807 1913 966 1972 memorius
990 1931 1082 1988 quem
1104 1931 1191 1972 vene-

182 2006 288 2062 rantur
306 2004 443 2061 sanctam
461 2001 588 2077 speciem
606 2000 685 2059 infra
707 2001 846 2079 religiose
865 2003 1015 2060 servatam
1032 2001 1069 2061 ob
1089 2001 1190 2060 oculos

181 2091 301 2151 habent.
352 2109 386 2150 ac
413 2089 539 2149 feliciori
567 2089 686 2165 quidem
710 2090 831 2168 ingenio
854 2109 914 2149 non
941 2109 1018 2167 nego
1045 2089 1191 2149 mehercle

182 2182 299 2260 largam
322 2179 564 2239 emendationum
582 2178 740 2236 meliorum
762 2197 888 2238 messem
906 2178 1042 2238 relictam
1061 2196 1133 2256 esse,
1156 2181 1193 2236 ut

183 2268 358 2328 Buecheleri
373 2267 433 2327 mei
446 2266 597 2326 sollertiae
612 2269 643 2324 et
660 2266 813 2326 doctrinae
827 2268 925 2326 multa
938 2286 985 2326 me
999 2267 1031 2324 in
1044 2267 1101 2326 hoc
1120 2286 1192 2342 quo-

184 2377 242 2434 que
254 2356 405 2418 volumine
418 2355 536 2434 egregie
546 2356 594 2415 vel
604 2355 769 2414 constituta
778 2356 827 2416 vel
838 2355 980 2415 restituta
990 2355 1094 2415 debere
1106 2357 1193 2432 grato

185 2447 283 2506 animo
302 2446 407 2505 fateor.
437 2444 488 2504 sed
505 2446 621 2504 restant
639 2447 670 2504 et
687 2444 845 2503 restabunt
863 2463 980 2520 semper
998 2446 1029 2503 et
1047 2444 1078 2502 in
1097 2443 1194 2503 verbis

185 2536 269 2596 etin
292 2534 424 2594 numeris
447 2533 629 2592 excutiendis
653 2532 876 2592 dubitationum
900 2533 1036 2608 nebulae,
1061 2549 1138 2608 quae
1157 2551 1193 2590 ne

185 2624 449 2684 subtilissimarum
472 2621 593 2698 quidem
615 2621 856 2696 disputationum
883 2621 994 2680 aculeis
1018 2619 1128 2678 discuti
1150 2619 1195 2678 ita

184 2713 313 2791 possint,
339 2715 375 2770 ut
396 2710 533 2771 veritatis
555 2711 608 2768 lux
630 2710 697 2785 ipsa
720 2712 875 2786 appareat,
917 2708 1082 2768 manebunt
1105 2709 1197 2768 etiam

186 2821 300 2878 semper
328 2800 381 2877 qui
409 2819 486 2876 qnae
514 2799 727 2877 grammaticae
755 2798 909 2858 elementis
936 2818 995 2858 non
1019 2799 1121 2873 aperte
1145 2817 1196 2874 op-

185 2892 321 2969 pugnent
343 2889 506 2966 prudenter
528 2887 674 2948 servanda
697 2906 759 2947 erse
783 2887 922 2964 clament,
946 2887 981 2946 de
1004 2905 1104 2946 rerum
1122 2886 1195 2944 ima-

186 2980 254 3057 gine
274 2981 304 3038 et
323 2996 492 3038 sermonum
511 2976 647 3036 sensibus
666 2979 697 3036 et
714 2993 909 3052 personarum
924 2975 1073 3035 coloribus
1092 2975 1197 3034 securi.

253 3067 360 3143 Itaque
393 3085 494 3126 cruces
522 3084 592 3125 snas
620 3065 677 3124 sibi
708 3065 837 3124 habento
866 3064 919 3141 qui
945 3064 1028 3123 ultra
1057 3063 1196 3124 librarios

187 3175 289 3232 sapere
313 3175 373 3214 non
397 3154 522 3213 audent:
549 3155 713 3214 admirarer
739 3153 882 3214 libentius
909 3153 935 3212 si
962 3153 1011 3213 oui
1038 3156 1199 3213 cautorum

186 3245 313 3304 istorum
343 3242 499 3303 homiuum
528 3244 577 3302 vel
605 3262 698 3302 unam
727 3261 844 3302 enicem
874 3245 955 3302 certa
987 3241 1194 3302 emendatione

186 3333 344 3411 profligare
368 3331 549 3410 contigisset.

255 3421 313 3481 Sed
345 3420 536 3481 corollarium
568 3420 693 3479 tertium
724 3421 878 3479 contexere
912 3422 942 3478 et
974 3418 1127 3494 disputare
1159 3419 1195 3477 de

187 3511 314 3590 singulis
339 3509 564 3588 quaestionibus
591 3509 623 3568 in
651 3508 750 3568 animo
775 3527 835 3568 non
861 3507 935 3566 erat.
982 3506 1194 3584 corrigenda
