2668 3904
483 127 643 184 neonus
661 129 839 184 alaeervs
1100 135 1165 198 355

150 294 308 358 ceteraque,
327 305 399 358 quae
417 288 471 342 hoo
489 289 573 343 modo
591 288 734 344 dicuntur:
753 288 887 357 quoniam
903 291 1088 360 caccabulis,
1107 309 1164 346 non

149 379 166 416 a
185 362 271 416 uerbo
290 359 429 414 inclinata
450 363 522 414 sunt.
559 359 694 413 Laberius
717 359 747 414 in
766 360 864 429 mimo,
889 361 937 430 qui
957 362 1099 417 Salinator
1121 362 1164 416 in-

150 432 271 502 scriptus
290 434 341 500 est,
360 431 447 485 uerbo
466 431 519 484 hoc
538 430 581 484 ita
599 429 701 486 utitur:
720 433 788 484 non'
805 447 827 486 e.
843 449 869 499 q.
885 451 906 487 s.

221 539 339 623 annosa]
374 537 415 606 01.
445 538 487 592 M.
511 537 643 593 Hortalus
674 539 767 607 eaped.
793 540 980 622 philotetae.
1009 546 1042 593 13
1075 556 1163 594 arrosa

148 612 183 666 R.
200 612 334 666 Klotseas
354 626 482 678 pannosa
501 609 706 664 Studeamus
724 611 792 664 conl.
812 611 947 665 Martiale
964 611 1003 664 ΙΠ
1023 617 1064 680 72,
1084 619 1099 665 3

527 831 785 890 SATVRNALIA

147 950 289 1015 botulus.
334 950 432 1015 homo
455 950 599 1015 leuenna.
1164 951 1212 1017 80¹

222 1071 329 1126 Gellius
347 1071 412 1126 XVI
435 1079 459 1140 7,
480 1079 511 1125 11
540 1071 691 1126 ‘Laberius
718 1114 776 1127 ...
801 1074 887 1140 atque
914 1071 983 1126 item
1010 1071 1041 1125 in
1068 1071 1161 1142 mimo,

151 1143 200 1212 qui
220 1142 382 1197 Saturnalia
399 1143 551 1212 inscriptus
571 1145 626 1212 est,
649 1142 804 1197 botulum
826 1159 877 1212 pro
899 1141 1045 1198 sarcimine
1068 1144 1163 1213 appel-

149 1214 200 1283 lat,
220 1217 249 1268 et
266 1213 434 1268 hominem
452 1213 634 1268 leuennam
652 1231 703 1283 pro
721 1213 798 1268 leui!
819 1213 1002 1284 (bortulum
1020 1214 1109 1269 Paris.

149 1284 328 1340 leuennem
347 1302 421 1354 susp.
436 1285 565 1356 Bothius)

579 1487 733 1547 SOYLAX

222 1606 349 1660 Eundem
371 1604 488 1659 mimum
514 1621 574 1658 esse
600 1620 683 1672 quem
706 1602 880 1658 Catularium
904 1603 1006 1658 statuit
1028 1605 1154 1676 Scaliger

148 1694 199 1732 nec
219 1677 384 1732 adversatur
401 1676 572 1730 Ritsehelius
595 1677 707 1744 Parerg.
726 1676 739 1728 Ι
759 1679 818 1728 158.
856 1674 896 1730 cf.
914 1676 1062 1730 Petronius
1081 1694 1103 1731 c.
1120 1683 1154 1731 64

148 1857 153 1867 .
201 1857 207 1867 .
254 1857 260 1868 .
308 1857 313 1868 .
359 1802 565 1868 lubidinitate
587 1802 709 1866 la‘bitur

218 1925 326 1980 Nonius
347 1931 408 1994 491,
427 1932 444 1980 4
469 1923 694 1979 ‘lubidinitas
717 1940 767 1993 pro
791 1923 926 1979 lubidine.
967 1925 1102 1980 Laberius
1125 1925 1178 1979 in·

148 1997 275 2066 Scylace:
294 1997 312 2053 l.
327 1997 357 2052 1.’
378 1996 510 2067 (Colace
529 1995 600 2050 coni.
615 1995 725 2064 lunius)

219 2103 394 2158 libidinitate
413 2105 459 2158 Ba
477 2105 569 2172 (etium
587 2105 619 2156 ia
638 2104 777 2172 lemmate),
797 2103 836 2156 L¹

552 2323 764 2384 SEDIGITVS

151 2441 384 2508 (inindientem
408 2444 518 2527 aspe'xi
542 2443 680 2508 scrofam
726 2493 1052 2507 .......

221 2564 329 2619 Nonius
350 2570 414 2632 114,
433 2570 467 2618 29
493 2564 666 2634 ‘grunnire
693 2565 825 2618 dicuntur
848 2562 939 2633 porei,
967 2563 1043 2631 quod
1067 2570 1163 2617 eorum

149 2635 293 2706 proprium
311 2635 389 2690 uocis
408 2638 451 2689 est
471 2680 476 2690 .
493 2680 497 2690 .
514 2681 519 2691 .
539 2635 674 2690 Laberius
695 2635 726 2690 in
745 2635 911 2689 Sedioito:
930 2652 956 2704 g.
973 2651 997 2688 a.
1013 2635 1046 2689 s.’
1084 2635 1162 2688 Idem

150 2713 241 2776 465,1
264 2706 438 2778 ‘grundire
461 2724 525 2760 cum
548 2707 586 2760 sit
606 2707 717 2776 proprie
737 2724 829 2775 suum,
853 2709 885 2760 ut
902 2704 1038 2760 Laberius
1056 2704 1086 2758 in
1105 2706 1161 2760 Se·

151 2778 251 2834 dicit:
275 2778 471 2848 grundientem
494 2795 519 2833 a.
540 2780 573 2833 s.'
608 2777 778 2848 (Sedigito
801 2776 949 2848 Bentinus)
989 2776 1029 2832 cf.
1052 2776 1161 2830 Plinius

151 2867 178 2904 n.
193 2850 220 2904 h.
237 2850 276 2904 XI
290 2856 350 2904 244.

224 2955 421 3026 grundientem
440 2958 468 3010 et
489 2956 556 3026 Op.
572 2961 623 3010 465
696 2955 817 3010 scrofum
836 2957 882 3010 Ba
896 2973 926 3024 p.
941 2960 993 3009 465

569 3158 745 3220 SORORES

648 3284 664 3341 I

152 3385 224 3451 Hoc
247 3385 353 3451 uoluit
376 3385 514 3469 clipeum
538 3387 649 3450 contra
671 3385 797 3468 peluem
820 3383 930 3468 proici.

225 3508 334 3562 Nonius
359 3513 422 3575 196,
442 3514 476 3561 24
501 3507 643 3576 ‘clipeus
671 3506 781 3577 generis
808 3505 957 3560 masculini
981 3548 986 3559 .
1007 3548 1013 3559 .
1033 3547 1039 3561 .
1063 3507 1162 3558 nonno

950 3595 1003 3648 28⁶
