2666 3914
481 759 806 846 PRAEFATIO

200 1051 390 1112 Adornendis
409 1050 591 1111 comicorum
607 1056 774 1128 poetarum,
795 1069 870 1127 quos
886 1053 955 1126 post
969 1051 1040 1110 enni
1059 1052 1151 1112 111151-

137 1142 254 1202 vellum
272 1141 403 1219 tragicos
426 1140 512 1216 sequi
534 1140 626 1217 volui,
649 1139 785 1216 reliquiis
806 1139 1002 1200 utilissimum
1025 1140 1150 1200 accessit

138 1230 347 1289 adiumentum
369 1229 550 1288 liberalitate
573 1228 632 1288 viri
655 1227 819 1288 doctissimi
841 1228 1049 1287 1111111111
1072 1227 1149 1290 Oxo-

137 1317 257 1396 niensis,
282 1318 335 1394 qui
357 1317 557 1377 intercedente
575 1317 639 1376 viro
663 1317 833 1377 studiorum
851 1317 1058 1378 communione
1078 1319 1150 1378 olim

137 1407 212 1466 mihi
223 1406 382 1466 coniuncto
393 1407 438 1464 W.
446 1406 484 1464 M.
493 1406 633 1464 Lmnrnr
642 1406 777 1465 defuncti
789 1405 877 1466 umici
890 1405 938 1464 sui
946 1407 975 1464 J.
983 1407 1021 1465 M.
1032 1405 1149 1467 011515

139 1495 298 1574 diligentis
317 1497 492 1574 congestum
510 1497 691 1571 apparatum
710 1494 847 1554 criticum
861 1495 1035 1554 Nonianum
1053 1498 1149 1556 trans-

137 1584 228 1644 misit.
275 1584 378 1660 itaque
406 1583 486 1660 quod
513 1584 648 1644 codicum
670 1602 764 1642 menu
787 1583 967 1658 scriptorum
990 1583 1029 1643 ed
1055 1584 1147 1645 libros

136 1673 230 1733 Nonii
247 1672 403 1750 Iv—XX,
428 1691 504 1748 quse
527 1692 564 1732 ne
588 1673 688 1732 ederet
707 1670 819 1731 Onions
839 1672 949 1732 Parcae
968 1691 1147 1750 1115111115-

136 1762 251 1820 hibitus
266 1764 319 1839 est,
333 1761 506 1820 testimonie
516 1761 555 1820 ad
567 1761 747 1820 comicorum
758 1761 864 1820 saltem
878 1762 1037 1836 poetarum
1050 1762 1148 1821 frusta

136 1849 375 1928 recognoscenda
402 1849 490 1909 licuit
518 1849 669 1926 adhibere,
703 1867 834 1908 summes
861 1849 995 1908 virorum
1026 1850 1149 1910 illorum

135 1938 356 1998 benivolentiae
382 1937 477 1998 habeo
505 1940 536 1998 51
563 1957 619 2016 ago
648 1937 771 2016 gratias,
817 1940 847 1997 et
873 1938 1016 2014 quonism
1037 1940 1093 1999 hec
1116 1941 1148 1998 in

136 2030 223 2104 perte
251 2027 384 2086 nondum
413 2027 546 2105 vulgetis
574 2045 647 2086 usus
675 2044 742 2085 sum
765 2026 871 2104 copiis,
899 2026 1028 2104 largiore
1058 2047 1151 2086 manu

136 2116 283 2175 librorum
301 2115 464 2191 scripturus
483 2115 518 2175 de
536 2115 669 2175 nondum
688 2116 831 2174 exhausto
848 2115 907 2174 viri
925 2115 1148 2193 diligentissimi

137 2205 280 2264 thesauro
295 2204 465 2280 deprompsi
482 2223 574 2280 quum
592 2224 627 2263 ex
645 2204 772 2279 inpressi
790 2203 951 2263 voluminis
970 2224 1052 2280 penu
1070 2225 1148 2266 oom-

137 2293 225 2352 mnni
240 2293 311 2351 usui
329 2293 451 2352 iemiem
466 2293 608 2369 exposito.
642 2313 713 2352 nem
730 2293 851 2368 plenum
864 2293 1028 2353 lectionum
1042 2314 1149 2374 congo-

137 2382 213 2441 riem
226 2381 307 2440 intre
321 2381 411 2440 huius
422 2381 563 2442 breviarii
575 2381 731 2460 angustias
745 2400 919 2441 coacervare
932 2401 993 2441 non
1006 2383 1104 2462 magis
1118 2384 1150 2442 in

138 2471 239 2531 animo
259 2472 324 2530 erut
343 2489 434 2547 quam
456 2472 543 2530 vetus
566 2471 760 2546 proecdoseos
778 2469 918 2530 horreum
936 2471 1148 2550 redintegrare.

204 2559 313 2636 Itaque
348 2559 442 2638 siglc
478 2558 640 2619 codicum
671 2559 920 2619 Nonianorum
952 2559 1055 2619 eudem
1087 2561 1149 2620 fere

139 2648 249 2725 quibus
274 2646 386 2708 Onions
409 2666 482 2708 usus
506 2650 551 2707 est
577 2648 765 2725 frequentius
788 2647 820 2706 in
843 2649 898 2708 hoc
921 2649 1073 2709 volumine
1098 2669 1149 2726 cp·

137 2739 246 2813 parent
266 2755 358 2813 quem
378 2737 540 2813 inpriore.
578 2756 705 2812 quorum
728 2737 856 2796 indicem
875 2737 998 2813 nequis
1019 2738 1150 2816 amplius

139 2825 287 2885 desideret
309 2825 357 2885 hio
380 2845 525 2902 exponere
549 2825 640 2884 volui.
685 2827 756 2884 sunt
780 2827 882 2885 autom
905 2827 990 2886 haec:

417 2977 419 2982 ,
462 2911 492 2972 Α
511 2940 553 2961 --
572 2914 730 2974 Beruensis
750 2915 826 2973 alter

461 3003 492 3061 B
511 3028 553 3050 =
572 3001 731 3062 Beruensis
753 3003 836 3078 prior

441 3091 493 3150 Ba
512 3117 553 3138 =
573 3090 800 3170 Bambergensis

469 3179 553 3239 0=
575 3179 763 3240 Oolbertinus

461 3269 492 3327 D
511 3293 553 3315 ==
573 3268 727 3328 Parisinus

460 3358 493 3415 E
510 3383 552 3404 =
571 3357 788 3418 Escurialcnsis

461 3445 494 3504 F
509 3473 551 3493 =
570 3446 762 3506 Florentinus

464 3535 552 3594 G=
573 3534 752 3595 Genevensis
