2686 3910
539 136 738 192 IVVENTIVS

410 341 464 401 EX
487 339 672 400 INOERTIS
696 339 865 399 FABVLIS

629 465 645 522 I

719 565 836 652 gandia

130 672 200 740 Sue
223 673 251 737 si
275 671 385 737 omnes
407 671 555 737 homines
577 671 744 737 conferant
765 693 866 736 unum
888 669 923 735 in
945 671 1065 757 locum,

129 779 257 844 Tamen
278 800 350 843 men
373 780 542 864 exsuperet
564 778 696 843 laetitia.

205 898 295 955 Varro
322 900 356 953 de
381 899 399 954 l.
419 899 437 954 l.
457 900 496 956 VI
521 905 556 955 50
577 900 615 954 M.
646 899 788 955 ‘laetari
816 899 852 954 ab
880 915 926 969 eo,
954 900 1031 968 quod
1058 898 1147 953 latius

134 970 272 1042 gaudium
286 973 404 1052 propter
421 970 518 1042 magni
536 971 606 1026 boni
625 971 785 1041 opinionem
810 970 949 1024 diffusum.
986 969 1084 1040 itaque
1101 971 1147 1023 Iu·

135 1041 250 1097 uentius
266 1045 319 1098 a1t:
339 1041 455 1113 gaudia’
472 1058 494 1097 e.
506 1060 531 1110 q.
543 1061 563 1098 s.
593 1042 704 1112 (Deficit
716 1042 763 1097 hio
777 1042 807 1096 F.
826 1041 987 1096 iuuentus
1006 1041 1021 1094 f
1026 1041 1147 1096 HPar.a

133 1113 293 1168 iuneoius
316 1113 378 1169 Par.
398 1113 417 1167 b
440 1111 623 1167 Terentius
641 1113 856 1182 Itholandellus)

210 1225 225 1272 2
246 1235 340 1274 omnes
358 1218 500 1344 homines}
524 1219 618 1274 omnia
637 1236 732 1274 omnes
750 1221 784 1276 L.
805 1219 976 1290 SpenqelioS,
998 1236 1055 1274 noa
1076 1219 1147 1273 mole

190 1291 322 1346 Trooboee'
339 1292 407 1346 tales
424 1293 481 1360 gest
501 1289 531 1344 ia
549 1308 600 1345 sua
619 1290 643 1344 si
658 1293 753 1345 omnes
773 1332 779 1346 .
796 1335 801 1345 .
817 1334 822 1345 .
839 1333 845 1346 .
865 1290 958 1344 locum
966 1288 1148 1344 Tamenmea

138 1362 288 1432 exsuperet
296 1360 409 1416 laetitia
419 1365 597 1434 beneplaceat
610 1364 681 1418 aliis.
703 1362 744 1428 Of.
758 1362 787 1418 O.
798 1362 975 1434 Broomoaos
985 1362 1002 1416 l.
1013 1363 1030 1417 l.
1040 1366 1075 1415 48

622 1513 653 1572 II

719 1613 854 1697 pallium

15 1709 16 1720 ἵ
133 1720 211 1787 Non
236 1720 319 1786 facio
342 1720 434 1785 floooi
457 1723 494 1784 ut
516 1719 689 1805 splendeat.

209 1840 316 1895 Gellius
335 1841 425 1895 XVIII
445 1847 490 1910 12,
511 1847 527 1895 2
548 1840 593 1894 ‘id
615 1857 727 1910 quoque
749 1841 880 1896 habitum
900 1843 944 1895 est
965 1841 995 1895 in
1018 1841 1147 1896 oratione

135 1911 267 1966 facienda
285 1911 444 1982 elegantiae
463 1928 564 1982 genus,
588 1915 620 1966 ut
641 1928 692 1993 pro
711 1912 805 1967 uerbis
828 1911 999 1967 habentibus
1017 1911 1147 1983 patiendi

137 1984 258 2054 figurem
277 1982 391 2054 agentia
409 1986 545 2052 ponerent
560 2000 592 2037 ao
606 1983 708 2038 demde
726 1984 796 2038 haee
810 1983 872 2038 nice
886 1983 959 2038 inter
973 2001 1033 2040 sese
1048 1986 1147 2038 mutua

136 2056 288 2130 uerterent.
324 2054 469 2108 quentius
488 2053 518 2108 in
537 2053 695 2110 comoedia:
722 2054 854 2124 pallium,
872 2054 978 2124 inquit,
996 2072 1054 2110 non
1072 2054 1146 2109 facio

135 2126 155 2180 f.
175 2129 208 2179 ut
227 2143 248 2180 s.
284 2125 384 2180 Nonne
407 2126 461 2180 hoo
483 2125 617 2196 inpendio
640 2125 786 2180 uenustius
808 2125 972 2196 gratiusque
996 2130 1040 2182 est
1062 2143 1148 2195 quam

136 2197 161 2250 si
181 2195 299 2252 diceret:
318 2196 503 2252 maculetur?
529 2195 724 2267 (quentius
742 2196 908 2267 Rutgersius
927 2197 1006 2253 Varr.
1025 2197 1090 2252 leot.
1108 2197 1148 2252 IV

137 2275 171 2323 19
191 2267 353 2330 inuentus
373 2285 393 2322 s.
413 2267 576 2322 inuentus
595 2280 618 2338 ψ
637 2267 809 2322 terentius
828 2269 925 2338 Magl.)

209 2381 224 2428 2
243 2390 301 2428 non
318 2373 392 2428 faoio
410 2391 460 2429 om.
476 2376 542 2430 Post.
557 2375 647 2446 Inoqd.
663 2375 752 2446 Moql.
773 2375 817 2438 ·8·
837 2375 914 2431 Dae.
930 2376 987 2430 Pet.
1008 2377 1054 2434 ·2·
1074 2376 1147 2430 Voss.

136 2448 247 2518 (quibus
260 2447 286 2501 si
322 2447 346 2500 ie
359 2447 467 2501 oidawr
481 2447 582 2501 laetam
594 2447 725 2516 iudicare)
752 2447 869 2501 Iombioi
882 2447 1017 2502 oetoomi
1029 2447 1150 2514 frontem

137 2560 234 2575 .....
253 2519 291 2586 pa
313 2515 372 2570 ium
389 2515 469 2570 flocci
487 2533 544 2570 non
562 2515 636 2571 facio
655 2519 688 2571 ut
706 2534 726 2571 s.
748 2517 937 2574 Fbobeiseaas
954 2519 1150 2574 commendabil

620 2667 668 2726 HI

137 2821 144 2835 .
170 2822 176 2834 .
201 2821 208 2834 .
233 2773 329 2854 eaput
353 2768 381 2832 ei
404 2769 548 2833 te'statim
572 2768 749 2855 diffregero.

211 2889 353 2944 Oban'sius
370 2908 398 2959 p.
419 2896 469 2946 196
489 2891 519 2945 Ρ.
547 2889 725 2944 ‘testatim
742 2890 899 2948 quentius:
920 2892 1005 2973 eaput
1024 2889 1050 2945 ei
1068 2892 1089 2944 t.
1110 2889 1148 2943 d?

137 2960 430 3088 {erkafliiuventius
450 2963 553 3031 eaput
571 2961 662 3016 minus
682 2964 758 3016 certa
778 2961 833 3016 sibi
852 2978 1014 3033 apparmsso
1029 2963 1151 3016 testatur

166 3077 172 3090 .
220 3049 235 3087 e
269 3049 310 3087 us.

213 3138 366 3209 deffregero
385 3141 441 3197 oool
462 3139 607 3211 defregero
626 3141 774 3196 Panotios

612 3289 677 3348 IV*

138 3392 232 3475 †ite
255 3391 415 3476 tradedeq.
439 3391 473 3455 in
495 3413 530 3455 re
553 3413 624 3476 neq.
648 3391 682 3456 in

138 3496 302 3564 Iudicium
324 3497 444 3583 Aesopi
466 3499 525 3563 neo
549 3497 668 3564 theatri
692 3497 824 3563 trsttiles
911 3492 913 3497 ’
