2686 3910
483 158 621 214 SEXTVS
638 157 829 214 'iverimus
1095 155 1163 220 129

626 325 686 386 Vll

150 417 232 506 'Age
266 440 324 505 ege
359 419 521 505 egredere,
558 423 654 504 atque
690 419 774 484 istue
810 420 935 484 utinam
971 419 1162 503 perpetuum

735 527 833 591 itiner
855 525 899 590 sit
922 525 996 590 tibi!

223 628 332 683 Nonius
351 635 413 698 482,
433 635 467 683 29
488 629 610 684 ‘itiner
628 629 735 684 dietum
753 647 803 700 pro
822 629 876 684 iter
896 674 901 683 .
918 673 923 683 .
939 673 945 684 .
962 629 979 682 .’
1017 631 1163 700 (transe-

151 700 296 754 leoonea
314 700 356 754 Ba
375 699 594 755 traseoleone
612 701 658 771 L¹)
933 709 935 712 '

150 813 154 818 ·
223 787 297 842 istue
320 787 431 842 utinam
453 789 572 844 Boetius
594 788 705 844 utinam
727 789 800 844 istuc
823 810 858 857 ω,
880 790 954 860 quod
975 773 1040 844 otim
1057 795 1090 842 nt
1107 804 1161 842 ser·

148 877 242 915 eorem
256 861 367 915 initium
381 876 473 915 nereus
487 862 614 916 metitum
627 867 783 917 notuerunt.
812 860 885 915 istuc
898 861 1064 930 perpetuum
1078 857 1164 912 itiner

149 930 190 984 sit
208 929 317 984 utinam
335 931 427 986 flavet

617 1010 692 1070 VIII

149 1109 345 1194 Nobilitate,
368 1105 506 1176 faotione
529 1111 631 1178 fretus
654 1111 843 1178 interdieere

223 1231 331 1286 Nonius
342 1237 402 1301 304,
413 1238 447 1286 26
468 1231 592 1304 ‘factio
611 1232 713 1286 iterum
727 1232 868 1303 signifieat
882 1230 1063 1302 opulentiam,
1074 1231 1163 1284 abuu-

153 1301 282 1358 dantiam
300 1305 329 1358 et
346 1301 527 1359 nobilitatem
546 1347 640 1359 .....
644 1305 652 1330 ’

150 1441 153 1452 ,
224 1391 374 1446 nobilitate
393 1391 516 1446 faotione
535 1409 585 1447 om.
604 1391 716 1448 ΒΘΗ1
769 1391 919 1446 nobilitate
938 1391 1042 1448 Juru'as
1059 1389 1162 1446 nouili-

153 1465 213 1517 tate
231 1484 253 1519 ω
324 1461 499 1518 interclusere
517 1465 545 1518 B

635 1543 678 1602 IX

155 1687 162 1699 .
188 1687 193 1698 .
219 1656 291 1699 oum
314 1635 436 1699 interea
462 1633 511 1700 nss
534 1635 705 1720 quiequam
729 1657 747 1700 e
769 1657 821 1699 me
844 1639 892 1700 est
914 1635 1036 1719 praemi
1058 1655 1162 1718 neque

738 1741 861 1806 fruetus
884 1745 957 1806 tuae

153 1829 354 1916 Benignitati
378 1833 474 1914 atque
498 1829 708 1914 obsequellae.
1164 1845 1218 1894 210

225 1949 333 2004 Nonius
343 1955 404 2018 215,
414 1955 449 2004 30
464 1950 680 2019 ‘obsequium
693 1953 792 2006 neutro
803 1967 904 2022 genere
959 1951 1163 2020 obsequella

149 2020 300 2075 -feminino’
328 2021 567 2092 (obsequentia
586 2022 714 2092 Bothius)
734 2066 739 2076 .
756 2067 761 2078 .
779 2067 784 2077 .
803 2022 945 2092 Turpilius
964 2021 1092 2092 Epielero
1113 2066 1163 2078 ...

153 2091 231 2146 idem
249 2091 488 2148 Thrasileone:
507 2094 580 2146 oum’
602 2111 624 2148 a.
640 2111 665 2162 q.
681 2111 702 2147 s.

228 2179 334 2234 inihil
353 2201 373 2234 ω
423 2181 546 2262 praemii
564 2203 585 2235 ω
649 2181 755 2236 fruetus
769 2183 868 2252 scripsi
886 2185 947 2236 erat
965 2203 986 2236 ω
1050 2182 1164 2237 abeni-

153 2251 261 2322 'gnitati
278 2269 298 2306 a
316 2250 501 2322 benignitatis
520 2273 555 2320 ω,
574 2253 626 2320 def.
645 2253 702 2308 Leo
721 2249 764 2308 Pl.
785 2253 819 2307 F.
840 2258 891 2308 286
963 2252 1164 2321 obsequentiae
1234 2268 1236 2272 ⁴

93 2383 95 2388 ,
154 2323 275 2378 ‘Boetius
311 2322 482 2392 Septenarioe
499 2325 628 2379 iambicos
645 2324 753 2393 praemi
771 2324 868 2392 Neque
888 2325 963 2392 erat,
982 2326 1049 2378 tuae
1067 2342 1088 2380 e.
1104 2343 1127 2396 q.
1142 2341 1163 2380 s.

154 2395 322 2449 commendat
340 2395 413 2462 Bra,
431 2395 494 2462 fort.
513 2401 581 2450 reete

647 2473 674 2532 X

154 2547 229 2638 Hoe
258 2577 292 2638 te
325 2574 395 2659 oro,
427 2579 464 2638 ut
494 2573 582 2638 illius
613 2575 857 2639 commisereseas
884 2575 1054 2640 miserulae
1081 2576 1167 2641 orbi·

155 2745 157 2750 Α
501 2687 502 2690 ’
740 2679 870 2746 tudinis
1045 2761 1046 2764 Ἴ

229 2782 336 2838 Nonius
357 2789 416 2853 146,
436 2790 469 2839 18
490 2783 719 2838 ‘orbitudinis
737 2800 788 2854 pre
808 2783 931 2840 orbitate
950 2785 1012 2840 ...’

155 2887 157 2893 ·
229 2871 328 2926 utilius
348 2873 420 2926 Μ
477 2871 635 2941 miserulae‚
654 2875 725 2944 quod
743 2875 808 2928 olim
822 2889 1029 2944 proposueram,
1048 2891 1104 2930 non
1122 2875 1165 2929 ia-

152 2945 284 3014 probaoit
302 2943 467 3010 Ritsrhelrfus
494 2960 583 3013 opere.
602 2944 641 2998 II
655 2950 707 2999 688
733 2943 853 3008 miserae
876 2965 911 3000 m:
938 2945 1044 3000 hiatum
1069 2946 1167 3000 tolerat

159 3015 215 3070 Leo
233 3017 251 3070 t.
270 3014 288 3070 l}
308 3020 359 3068 32⁷
415 3017 448 3068 ut
465 3013 542 3068 illius
561 3014 679 3069 miserae
698 3013 922 3070 commisereseas
944 3015 1117 3084 Grautoffius
1134 3019 1167 3070 ut

155 3085 277 3140 miserae
295 3085 371 3138 illius
390 3085 614 3140 commisereseas
629 3088 746 3142 Bothius
764 3085 841 3140 illius
860 3104 882 3142 e.
898 3089 930 3140 ut
943 3085 1061 3140 miserae
1076 3086 1168 3142 Horret

640 3217 683 3278 XI

156 3315 258 3400 Cesso
273 3319 427 3404 occupare
441 3322 474 3384 et
487 3340 538 3384 me
552 3317 587 3384 in
601 3319 798 3404 colloquium
813 3317 956 3384 conferre
969 3319 1108 3385 horum?
1124 3371 1169 3386 ...

157 3422 168 3508 ζ
230 3439 338 3496 Nonius
357 3445 418 3510 355,
438 3445 471 3494 13
492 3430 674 3511 ‘occupare
692 3442 737 3494 est
754 3438 866 3510 proprie
884 3432 1048 3510 praeuenire
1067 3486 1073 3497 .
1089 3486 1095 3496 .
1112 3443 1129 3496 .’

232 3528 304 3583 ferre
322 3529 387 3584 BL
405 3529 463 3583 iam
482 3529 605 3584 conferre
622 3529 688 3584 otim
704 3531 884 3598 scripseram.

212 3625 293 3668 Seaen.
308 3639 368 3677 poes.
382 3629 446 3670 Rom.
460 3628 541 3680 fragm.
557 3628 591 3670 ed.
605 3627 721 3668 Rmsncn.
741 3627 772 3670 11.
993 3625 1008 3673 9
