2684 3908
560 153 593 222 a.
608 166 790 224 AFRANIVS
927 217 931 226 .
1115 167 1183 238 241

123 364 125 368 .
241 326 349 381 Nonius
370 331 461 398 less
482 327 638 382 ‘uilicari
662 330 705 394 est
727 326 857 381 rusticari
875 327 922 381 uel
944 328 1030 384 uillae
1051 345 1184 400 praeesse

169 441 221 454 ...
240 397 373 452 Afranius
393 397 541 468 Suspecta:
560 398 600 452 in’
618 415 640 454 e.
656 416 683 467 q.
699 417 719 453 s.

222 576 225 580 .
239 523 373 578 Hortinos
392 541 557 594 quamquam
572 541 590 577 a
607 523 726 595 Berpdio
744 539 834 592 opusc.
848 522 862 576 I
878 527 929 577 388
948 525 1042 582 adrat.
1060 533 1182 596 spretum

166 597 262 666 posui,
285 597 351 665 qaia
374 613 393 650 a
415 597 552 650 tetrorum
569 597 637 650 certe
659 597 788 650 memoria
809 596 934 662 proxime
956 597 1043 650 abest.-
1066 604 1181 654 ceterum

167 685 212 722 res
228 667 418 722 incertissima.
437 665 570 735 horpinos
589 686 610 719 ω
634 663 754 735 Orpinos
773 665 913 721 Mercerrs
933 665 1053 735 Arpinas
1072 671 1182 726 Aldiaa

167 737 301 808 Hirpinos
323 737 498 792 Passeratius
519 735 667 806 Nursinos,
691 739 709 791 i.
729 753 750 792 e.
769 735 906 790 Nursinos
927 738 1063 809 Berpitirs
1085 739 1180 796 Norti-

166 826 219 876 nos
237 810 300 864 Bae
318 809 487 877 Vmbr.102,
511 809 583 878 quad
597 808 755 878 praeplacet
820 807 977 878 Suppleada
994 811 1076 865 iaitia
1094 815 1181 869 malta

167 877 201 950 (e.
210 897 233 935 c.
246 880 303 950 pol,
319 895 380 948 ego,
394 881 470 950 nam)
489 886 556 950 apta
570 885 647 934 sarit:
666 880 709 934 ad
724 879 877 948 septenaria
892 880 973 934 iareb.
989 881 1075 936 deesse
1092 885 1181 938 risam

170 951 358 1006 Stademaado
429 952 495 1020 pote
512 950 552 1003 L¹
569 952 665 1020 potest
681 950 775 1005 Vrbia.
791 955 852 1012 308,
865 952 946 1019 potes
965 972 987 1020 φ
1010 951 1085 1020 potis
1104 955 1181 1009 Nea-

164 1023 289 1078 ltirchias
352 1020 495 1091 explosam
512 1021 588 1076 m
650 1019 735 1074 uilice
755 1021 825 1076 FL:
847 1040 887 1076 aa
904 1020 1020 1078 uilicei?

614 1224 734 1284 TALIO

164 1343 235 1410 Vos
254 1343 372 1429 qusstus
390 1345 478 1410 cordi
497 1344 649 1415 estintra'
667 1344 810 1414 tunicam
828 1367 941 1410 manus
960 1346 1060 1431 lae'ua,
1079 1347 1141 1432 [at]
1152 1362 1233 1423 essse

203 1470 205 1475 ·
712 1451 823 1517 dextra
841 1453 879 1516 in¹
895 1452 972 1518 ersse
989 1475 1108 1538 penum

112 1653 115 1658 1
203 1553 205 1560 y
237 1590 397 1645 Priscianus
415 1609 443 1660 p.
459 1596 510 1645 659
528 1591 562 1650 P.
580 1589 641 1646 ‘hic
660 1594 689 1646 ei
712 1591 782 1646 hace
803 1595 832 1647 et
854 1592 908 1647 hoc
930 1609 1049 1663 penus,
1073 1597 1102 1649 et
1124 1595 1179 1652 hoc

163 1714 271 1768 penum
368 1679 500 1752 Afranius
518 1697 549 1751 in
565 1697 721 1754 Talionc:
740 1685 802 1752 uos'
819 1715 842 1754 e.
853 1717 879 1768 q.
891 1718 911 1754 s.
932 1677 1087 1772 (taliane,
1107 1718 1178 1759 corr.

164 1787 202 1824 m.
216 1787 267 1838 pa,
286 1768 517 1838 Reg.taliane‚
536 1769 547 1824 i
564 1785 632 1824 corr.
649 1769 680 1822 in
697 1785 720 1838 e,
740 1769 823 1826 Barb.
841 1770 981 1826 talesne
999 1771 1081 1826 Halb.
1097 1772 1177 1829 Gaui.

166 1841 254 1910 Bong.
270 1839 395 1912 Garolir.)
431 1841 509 1894 Idem
531 1859 558 1910 p.
576 1845 626 1894 713
645 1839 675 1894 Ρ.
699 1839 767 1894 ‘hac
790 1857 911 1910 penum
934 1842 1021 1896 etiam
1043 1843 1184 1899 Afranius

162 1910 297 1982 protulit:
328 1911 362 1965 in
388 1928 510 1982 penum
536 1910 642 1966 erile?
686 1911 794 1966 Eadem
821 1912 909 1967 habet
935 1931 1020 1969 anon.
1042 1914 1123 1970 Bern.
1147 1913 1178 1970 i1'1

163 1982 277 2052 Hageni
296 1983 369 2036 anai.
388 1983 468 2038 Helv.
487 2001 514 2052 p.
530 1988 590 2050 103,
605 1987 648 2037 17.

121 2079 124 2086 ²
169 2108 173 2170 ᾗ
238 2083 338 2174 (1431(ὺῇ
356 2107 422 2178 Rep.
476 2177 481 2188 ¹
499 2106 541 2189 in]
560 2087 636 2161 inira
656 2107 735 2163 Grai.
815 2107 846 2162 in
864 2109 932 2164 erile
949 2127 1053 2180 penum
1069 2114 1177 2182 scripsi,

162 2187 197 2234 ut
215 2179 360 2248 anapaesti
376 2181 454 2247 lieret.
473 2196 503 2231 1n
522 2181 607 2248 (mira
623 2177 713 2249 Grai.)
736 2195 840 2248 penum
860 2183 991 2251 (paenum
1009 2183 1086 2254 Rep.)
1109 2183 1178 2238 erile

66 2312 70 2318 ¹
162 2252 217 2324 (ael
230 2249 329 2318 herile)
347 2271 368 2304 ω
386 2248 537 2318 inpenum
556 2249 653 2303 erilem
667 2251 893 2306 teceamus
907 2259 1002 2308 coare
1016 2254 1104 2310 Prisc.
1119 2262 1179 2312 test.

220 2321 294 2376 altra
311 2320 463 2392 ixi-penum
481 2320 549 2374 cn'le
566 2321 640 2376 Bae:
660 2323 695 2389 cf.
710 2323 799 2376 ceroti.
814 2321 926 2378 Lxxw
997 2324 1054 2378 Vas
1074 2325 1178 2394 quibus

161 2392 243 2448 cordi
258 2395 301 2446 est
314 2393 390 2446 intra
402 2390 527 2446 tunicam
542 2391 634 2460 laeua,
649 2392 765 2448 dextera
777 2392 806 2446 in
819 2409 923 2462 penum
936 2393 1024 2449 herile
1036 2399 1178 2453 odoraris

162 2465 300 2520 trochaico
315 2463 452 2518 Murtias
469 2470 494 2518 et
509 2463 706 2536 Neakirchias3
725 2465 788 2519 item
806 2480 857 2518 uos
938 2465 1065 2520 tunicam
1083 2467 1177 2537 laeua,

161 2537 265 2593 dextra
289 2534 364 2588 inira
391 2550 494 2603 penum
516 2533 592 2587 Erile
616 2535 753 2604 Hertzias.
768 2537 828 2588 ¹uas
926 2535 1053 2592 tunicam
1075 2555 1179 2593 manus

161 2599 256 2674 laeua,
275 2608 307 2660 at
325 2605 424 2659 dextra
441 2604 472 2658 in
489 2623 516 2674 p.
536 2605 613 2659 Ersse
631 2608 697 2661 oiim
715 2607 841 2662 dederam

541 2809 799 2878 TEMERARIVS
876 2809 879 2816 ‘

169 2957 171 2961 ·
375 2985 378 2992 .
673 2931 745 3014 quis
767 2931 821 2996 hic
844 2935 892 2996 esi
914 2931 1023 3018 simia,
1146 3005 1153 3018 ,
1175 2953 1231 3002 330

161 3033 226 3112 Qui
249 3056 300 3099 me
322 3034 418 3100 h6die
441 3035 624 3101 ludificatus
648 3037 718 3102 est?
748 3047 765 3084 '²
786 3047 819 3103 '⁴2

235 3174 376 3230 Charisius
398 3194 425 3245 p.
441 3181 476 3230 84
499 3176 529 3231 Ρ.
555 3175 704 3230 ‘simiam
727 3180 855 3234 auctores
879 3178 1010 3250 dixerunt
1033 3179 1120 3234 etiam
1143 3181 1176 3234 in

159 3245 327 3317 masculino,
345 3249 378 3300 ui
396 3245 528 3301 Afranius
547 3247 578 3300 in
596 3247 768 3304 Temeraria:
789 3248 863 3317 quis’
880 3265 903 3304 e.
919 3267 944 3318 q.
960 3267 981 3304 s.

611 3451 729 3512 THAIS

233 3549 319 3602 Tuus
339 3549 525 3620 (Menandri?)
