2684 3908
188 179 254 243 294
432 179 462 231 L.
482 177 691 232 POMPONIVS
709 174 952 232 BONONIENSIS

258 337 366 392 Nonius
386 344 428 406 81,
448 344 479 392 21
502 338 640 392 ‘comest
662 355 712 406 pro
736 337 858 391 comedit
957 337 1126 406 Pomponius
1150 337 1199 391 Pi-

191 412 276 464 store:
297 407 412 478 decipit'
428 426 451 463 e.
467 427 493 477 q.
510 427 529 462 s.

261 516 382 571 conduxi
401 518 429 570 P

678 597 709 654 Π

188 697 273 764 Nam
291 700 364 783 plus
384 699 507 783 quaesti
526 698 671 783 siceram,
695 720 792 782 quam
811 669 983 781 quadi-inas
1001 697 1029 761 si
1047 696 1203 761 haberem

932 805 1044 869 molas.

259 927 369 981 Nonius
380 934 440 997 483,
451 935 484 982 25
501 926 650 996 ‘quaesti
663 927 710 980 uel
724 926 868 994 quaestuis
884 926 991 980 dictum
1003 943 1054 996 pro
1065 928 1202 994 quaestus

205 1039 230 1060 ..
250 999 421 1068 Pomponius
440 999 561 1054 Pistora:
580 1000 657 1052 nam'
676 1015 699 1052 e.
714 1015 740 1066 q.
757 1015 777 1052 s.

258 1105 347 1175 rinae,
367 1124 503 1176 suprascr.
524 1105 637 1174 quadri,
657 1105 683 1158 L
702 1104 841 1174 quadrina
860 1104 938 1158 Bac
1016 1103 1106 1158 malos
1118 1103 1160 1191 'H
1166 1104 1207 1158 W

672 1273 719 1331 ΙΠ

190 1376 314 1460 <Flet>,
327 1377 366 1439 fit
381 1376 527 1440 desubito
542 1373 678 1459 hilarus3
695 1374 797 1439 tristis
809 1375 918 1460 saltat3
932 1373 1039 1438 ridens
1050 1372 1202 1460 ringitur.

259 1496 368 1550 Nonius
388 1503 449 1564 517,
469 1503 501 1550 29
523 1496 694 1550 ‘desubito
720 1539 793 1551 ....
816 1494 986 1565 Pomponius
1007 1494 1104 1564 Pappo
1128 1494 1203 1565 agni-

190 1567 253 1621 cola
271 1568 333 1639 [ΙΙΙ]
352 1567 428 1622 idem
446 1568 566 1624 Pistore:
586 1568 629 1622 fit’
645 1584 668 1621 e.
683 1586 709 1636 q.
726 1586 746 1621 s.

259 1673 308 1727 flet
330 1678 394 1743 (quo
417 1674 449 1728 fit
472 1676 575 1729 mutari
597 1675 719 1728 uoluerat
739 1674 853 1742 Juuius)
876 1674 965 1742 suppl.
983 1674 1061 1740 Bue;
1080 1673 1204 1741 minam

189 1762 282 1800 uersus
299 1747 434 1815 syllabam
452 1747 539 1800 deesse
557 1747 614 1814 ipse
632 1746 864 1800 olimstatueram
930 1745 1050 1814 Reliqua
1068 1745 1204 1799 commode

190 1817 319 1871 distinxit
335 1817 397 1870 Buc
415 1817 447 1870 fit
465 1815 594 1870 desubito
613 1815 712 1882 tristis,
731 1815 837 1869 hilarus
853 1815 947 1884 saltat,
967 1815 1061 1869 ridens
1079 1813 1204 1884 ringitur

189 1889 325 1958 Beryllus
343 1887 375 1940 fit
394 1887 419 1942 d.
439 1887 515 1941 idem
532 1887 639 1941 hilarus
659 1886 748 1941 tristis
767 1905 787 1941 e.
799 1905 822 1956 q.
833 1904 853 1941 s.
873 1904 893 1940 a

671 2055 715 2113 IV

138 2171 206 2222 125.
253 2209 258 2220 .
305 2157 368 2221 nisi
391 2178 476 2220 nuno
499 2138 616 2240 siliquis
640 2156 747 2221 subito
772 2157 902 2220 6buiam
926 2155 1065 2221 occurrit
1088 2157 1183 2243 mihi,

201 2264 263 2342 Qui
291 2263 483 2349 equiniscat,
514 2265 577 2347 quo
607 2263 799 2350 oonpingam
829 2264 1003 2328 terminum
1030 2265 1064 2328 in
1094 2267 1168 2328 tut'

933 2369 1040 2434 loeum

259 2491 370 2546 Nonius
388 2498 447 2560 146,
462 2497 497 2544 24
517 2490 745 2558 ‘oquiniscere
765 2494 808 2546 est
825 2491 936 2561 proprie
955 2491 1093 2546 inclinari.
1121 2493 1205 2546 Pom-

192 2563 293 2633 ponius
311 2563 472 2617 Prostibulo
491 2563 526 2634 [I]
546 2561 622 2616 idem
640 2562 761 2618 Pistore:
780 2562 846 2616 nisi’
864 2579 886 2617 e.
902 2581 928 2632 q.
944 2581 965 2616 s.

264 2677 277 2723 1
297 2687 381 2739 pereo
401 2671 576 2739 praemittas:
600 2671 652 2724 alii
674 2671 792 2724 medium
809 2687 915 2725 ausum
932 2672 1059 2725 mutilum
1076 2687 1130 2725 esse
1148 2678 1205 2726 sta-

193 2749 310 2797 tuerunt.
350 2742 501 2796 Muellerus
519 2742 629 2808 prosod.
650 2742 743 2796 Plaut.
764 2747 815 2794 592
838 2743 944 2795 blatum
966 2743 998 2796 iu
1020 2759 1133 2796 casura
1156 2741 1205 2796 de·

193 2812 286 2866 subito
305 2814 444 2867 scribendo
462 2812 523 2866 tolli
540 2813 604 2867 vult.
641 2813 767 2867 Maelium
785 2830 899 2879 uersum,
917 2813 943 2866 si
960 2814 1073 2868 mutilus
1090 2813 1138 2879 sit,
1158 2831 1204 2868 ea-

190 2885 262 2954 pleri
288 2885 387 2938 uuella
416 2898 568 2952 properans
592 2891 655 2952 post
683 2883 776 2937 subito
805 2885 900 2937 mortui
926 2885 957 2937 lu
982 2885 1130 2952 procellosi.

193 2962 208 3009 2
232 2971 288 3023 qua
311 2956 405 3009 Vrblu.
426 2959 477 3008 307
576 2953 606 3006 in
629 2957 720 3008 tntum
748 2954 778 3007 in
803 2957 895 3008 totum
917 2954 1010 3008 locum
1033 2955 1153 3008 ΕΡἨἸ
1163 2953 1205 3009 13¹

594 3139 808 3199 PLAOENTA

758 3259 870 3323 rustici

194 3367 305 3430 Edunt
327 3367 466 3430 libenter
488 3365 591 3430 tristis
616 3369 703 3430 atros
725 3365 867 3430 intubas.

263 3485 371 3539 Nonius
392 3491 453 3554 209,
471 3494 489 3540 4
511 3486 641 3540 ‘intiba
664 3485 775 3556 generis
798 3485 892 3540 neutri
912 3531 917 3540 .
934 3532 939 3542 .
957 3532 961 3542 .
981 3487 1131 3542 masculini
1154 3489 1211 3544 Lu-

195 3555 276 3610 cilius
305 3556 455 3611 satirarum
482 3557 531 3612 lib.
549 3558 586 3612 V:
616 3557 717 3612 intibu'
743 3561 925 3627 praeterea
952 3559 1099 3628 pedibus
1128 3577 1211 3629 prae-
