2684 3908
389 146 419 200 L.
438 144 648 199 POMPONlVS
666 144 910 201 BONONIENSIS
1090 148 1156 212 303

606 331 697 389 SYRI

217 450 271 504 Vel
291 465 433 503 servorum
451 464 539 518 genus
558 445 726 500 vilissimum
743 447 789 501 rel
809 464 907 516 scopas
926 447 1055 519 intellegi
1073 466 1157 518 posse

143 521 255 575 monuit
268 519 401 574 Mnnkius
418 519 523 573 collato
536 517 628 572 Nonio
642 537 670 587 p.
680 523 723 586 46,
738 525 768 575 4:
790 520 897 587 ‘syrus
912 537 929 573 a
943 519 1049 574 Graeco
1064 520 1156 590 magis

143 595 269 646 tractum
285 594 329 645 est
347 590 405 644 ἀπὸ
422 599 472 644 τοῦ
491 589 593 657 σύρειν.
625 589 677 642 has
691 606 742 643 nos
758 607 865 659 scopes,
883 590 982 644 rustici
996 607 1029 645 eo
1043 593 1158 646 nomine

143 664 235 732 syrus’
255 665 304 733 (sc.
321 661 431 731 σόρους)
451 661 573 715 ‘uocant
605 659 695 714 Varro
711 661 879 731 Marcipore’
894 661 927 716 fr.
943 669 993 716 271
1008 662 1039 716 B.
1073 663 1157 731 Syros

145 735 218 788 duos
236 732 407 803 expilaturos
426 731 581 786 triclinium
597 731 755 786 introduxit
773 733 919 787 Petronius
941 735 993 787 sut.
1012 739 1054 789 22.

641 901 657 958 Ι

144 1000 235 1086 <Ἰε>
271 1002 400 1087 quidem
436 1003 521 1087 opud
557 1002 664 1067 forum
700 1005 867 1086 praesente
903 1001 1042 1066 te'stibus
1077 1001 1158 1065 mihi

889 1107 1043 1173 ue'ndidit.

219 1229 326 1284 Nonius
351 1235 472 1298 154,1e
506 1231 716 1300 ‘praesente
750 1247 844 1284 coram
876 1230 923 1283 uel
953 1230 1158 1299 praesentibus.

145 1301 317 1370 Pomponius
337 1300 424 1370 Syris:
445 1301 570 1370 quidem'
586 1318 609 1356 e.
624 1319 651 1369 q.
666 1319 686 1356 s.

219 1408 243 1462 is
262 1410 332 1477 Boc,
352 1425 401 1462 om.
417 1430 447 1478 ω,
466 1410 593 1464 haustum
611 1411 692 1464 titulo
769 1408 885 1477 quidem
903 1410 1007 1464 Juutus
1083 1409 1159 1477 epid

148 1479 239 1534 forum
256 1481 336 1534 semel
353 1482 384 1533 in
402 1481 502 1536 Plauti
519 1481 604 1549 Epiri.
620 1487 685 1549 422,
704 1482 751 1535 sed
769 1482 802 1548 cf.
820 1479 877 1534 Leo
891 1481 935 1534 Pl.
951 1481 985 1534 F.
1001 1486 1051 1534 227

636 1648 667 1707 H

148 1749 320 1835 Lipetium
342 1750 468 1815 nulium
491 1749 655 1835 stabulm,
677 1750 803 1814 lordum
826 1749 996 1814 lurohebit
1018 1751 1142 1815 lubens.

219 1871 328 1925 Nonius
350 1877 427 1941 11‚3
454 1872 627 1926 ‘lurcones
651 1871 848 1942 (lurchones
867 1871 936 1941 Ba’)
960 1871 1030 1925 dieti
1053 1875 1119 1925 sunt
1143 1888 1161 1924 a

148 1941 316 1998 lurchundo:
335 1942 464 1997 lurohare
483 1947 526 1998 est
540 1961 603 1998 curn
619 1943 757 1996 auiditate
776 1942 871 1997 eibum
889 1959 997 1996 sumere
1077 1943 1159 1997 Pom·

147 2012 249 2082 ponius
272 2013 360 2092 Syris3
383 2014 533 2084 lepetium’
553 2031 576 2070 e.
593 2033 619 2082 q.
635 2033 656 2069 s.
695 2013 819 2068 Omissus
842 2013 888 2067 hio
911 2013 989 2070 locus
1012 2013 1042 2066 in
1060 2013 1158 2068 Bumb.

218 2095 313 2174 nullus
333 2121 480 2176 Fruterius
551 2122 599 2174 ute
618 2121 646 2174 P
714 2119 866 2174 lurchobar
884 2120 928 2173 H¹

408 2322 543 2384 VAOGA
564 2325 612 2384 vel
634 2323 895 2382 MARSVPPIVM

221 2439 260 2495 of.
279 2439 451 2495 Ritsohelius
469 2441 609 2510 Purerg.I
628 2446 688 2494 156.
709 2444 768 2494 168.

150 2617 157 2629 .
177 2617 184 2630 .
203 2567 300 2632 simul
318 2568 404 2632 intro
422 2569 507 2653 ueni,
527 2568 644 2633 secessi
663 2567 703 2631 ed
720 2570 855 2652 patrem,
872 2565 989 2651 prendi
1004 2588 1150 2631 menum:
1161 2582 1213 2630 170

148 2670 197 2736 'In
219 2677 351 2760 terrem,
377 2678 415 2738 ut
438 2673 589 2760 subibat,
616 2665 734 2737 nudem
758 2674 798 2737 sd
824 2695 897 2737 eum
919 2677 957 2737 nt
979 2674 1151 2759 conqueri,

893 2780 1024 2844 interim

149 2865 302 2933 Mulieres
325 2869 533 2953 conspiciunt.

221 2988 381 3044 Priscianus
399 3009 425 3060 p.
441 2996 492 3044 885
511 2992 541 3046 P.
563 2993 650 3046 ‘teste
670 2991 759 3060 Capro
778 2990 959 3060 conquinisoo
983 2990 1159 3058 conqueri.

150 3063 194 3114 est
212 3064 307 3116 autem
325 3061 504 3130 conquinisce
524 3066 610 3133 ceput
627 3061 740 3117 inclino.
773 3061 943 3132 Pomponius
961 3061 992 3114 in
1005 3062 1100 3116 Vacca
1113 3062 1160 3116 uel

150 3132 312 3202 Mursuppio
332 3132 385 3189 ait:
410 3133 508 3187 simul'
529 3151 552 3189 e.
567 3151 594 3203 q.
610 3152 630 3188 ι.
655 3134 796 3204 (bacche
814 3134 926 3202 Bemb.,
950 3133 1025 3201 quod
1043 3149 1100 3187 non
1118 3149 1160 3187 re·

149 3203 280 3272 pudiavit
297 3203 434 3259 Hertzius.
454 3205 559 3260 bacea
577 3204 652 3275 Lips.
668 3208 694 3276 1)

222 3317 236 3364 1
248 3327 301 3381 sqq.
316 3327 442 3365 numeros
451 3312 591 3381 perspexit
605 3311 726 3382 Scaliyer
785 3317 799 3364 1
815 3310 898 3364 simul
916 3311 946 3364 in
959 3315 1080 3380 utroquo
1094 3311 1161 3366 ueni

151 3381 234 3452 Sonq.
291 3382 358 3437 Vide
374 3400 442 3436 num
459 3383 559 3454 intepet
576 3401 669 3438 uersus
687 3384 740 3438 raze
758 3383 814 3450 tere
830 3384 916 3450 fuerit
934 3385 1057 3438 initium:
1078 3383 1161 3437 simul

149 3451 225 3506 intro
244 3469 329 3520 quom
350 3453 429 3522 ueni,
452 3453 493 3507 ibi
512 3454 618 3508 accessi
636 3472 657 3508 e.
671 3472 695 3524 q.
710 3471 731 3509 s.
803 3455 851 3509 Au
873 3454 979 3510 manu?
1050 3458 1162 3509 lterrs

152 3524 268 3578 Carolir.
353 3524 431 3578 nuda
449 3526 547 3581 Bumb.
563 3527 647 3580 Halo.
663 3525 744 3596 Saup.
763 3526 841 3582 (ἔται.
858 3527 973 3584 Oarolir.
1056 3528 1161 3582 Hiatus
