<?xml version="1.0" encoding="UTF-8"?>
<!DOCTYPE html PUBLIC "-//W3C//DTD XHTML 1.0 Transitional//EN"
    "http://www.w3.org/TR/xhtml1/DTD/xhtml1-transitional.dtd">
<html xmlns="http://www.w3.org/1999/xhtml" xml:lang="en" lang="en">
 <head>
  <title>
</title>
<meta http-equiv="Content-Type" content="text/html;charset=utf-8" />
  <meta name='ocr-system' content='tesseract 3.04.00' />
  <meta name='ocr-capabilities' content='ocr_page ocr_carea ocr_par ocr_line ocrx_word'/>
</head>
<body>
  <div class='ocr_page' id='page_1' title='image "./scaenicaeromano07ribbgoog_0044.png"; bbox 0 0 2666 3914; ppageno 0'>
   <div class='ocr_carea' id='block_1_1' title="bbox 521 195 756 253">
    <p class='ocr_par' dir='ltr' id='par_1_1' title="bbox 521 195 756 253">
     <span class='ocr_line' id='line_1_1' title="bbox 521 195 756 253; baseline 0.004 -1"><span class='ocrx_word' id='word_1_1' title='bbox 521 195 575 253; x_wconf 81' lang='lat' dir='ltr'>CN.</span> <span class='ocrx_word' id='word_1_2' title='bbox 595 197 756 253; x_wconf 77' lang='lat' dir='ltr'>Nsavrvs</span> 
     </span>
    </p>
   </div>
   <div class='ocr_carea' id='block_1_2' title="bbox 201 401 981 588">
    <p class='ocr_par' dir='ltr' id='par_1_2' title="bbox 201 401 981 588">
     <span class='ocr_line' id='line_1_2' title="bbox 511 401 763 462; baseline 0.008 -2"><span class='ocrx_word' id='word_1_3' title='bbox 511 401 763 462; x_wconf 78' lang='lat' dir='ltr'><strong>TRIPHALLVS</strong></span> 
     </span>
     <span class='ocr_line' id='line_1_3' title="bbox 201 514 981 588; baseline -0.001 -14"><span class='ocrx_word' id='word_1_4' title='bbox 201 517 242 575; x_wconf 77' lang='lat' dir='ltr'>Of.</span> <span class='ocrx_word' id='word_1_5' title='bbox 262 515 396 572; x_wconf 77' lang='lat' dir='ltr'>Varronis</span> <span class='ocrx_word' id='word_1_6' title='bbox 416 518 513 571; x_wconf 89' lang='lat' dir='ltr'>satura</span> <span class='ocrx_word' id='word_1_7' title='bbox 534 514 690 587; x_wconf 73' lang='lat' dir='ltr'>Tplqrulloe</span> <span class='ocrx_word' id='word_1_8' title='bbox 707 518 772 586; x_wconf 76' lang='grc' dir='ltr'>περὶ</span> <span class='ocrx_word' id='word_1_9' title='bbox 790 515 981 588; x_wconf 67' lang='lat' dir='ltr'>appendentes.</span> 
     </span>
    </p>
   </div>
   <div class='ocr_carea' id='block_1_3' title="bbox 127 625 1025 925">
    <p class='ocr_par' dir='ltr' id='par_1_3' title="bbox 127 625 1025 925">
     <span class='ocr_line' id='line_1_4' title="bbox 127 625 959 712; baseline -0.007 -18"><span class='ocrx_word' id='word_1_10' title='bbox 127 628 164 694; x_wconf 81' lang='lat' dir='ltr'>Si</span> <span class='ocrx_word' id='word_1_11' title='bbox 189 631 361 712; x_wconf 79' lang='lat' dir='ltr'>cumquam</span> <span class='ocrx_word' id='word_1_12' title='bbox 385 626 557 712; x_wconf 89' lang='lat' dir='ltr'>quicquam</span> <span class='ocrx_word' id='word_1_13' title='bbox 579 625 687 692; x_wconf 85' lang='lat' dir='ltr'>fssium</span> <span class='ocrx_word' id='word_1_14' title='bbox 710 625 868 692; x_wconf 86' lang='lat' dir='ltr'>resciuero</span> <span class='ocrx_word' id='word_1_15' title='bbox 920 629 959 688; x_wconf 73' lang='lat' dir='ltr'>ta</span> 
     </span>
     <span class='ocr_line' id='line_1_5' title="bbox 127 733 960 822; baseline 0.001 -23"><span class='ocrx_word' id='word_1_16' title='bbox 127 735 312 822; x_wconf 74' lang='lat' dir='ltr'>Argentum</span> <span class='ocrx_word' id='word_1_17' title='bbox 335 733 453 798; x_wconf 86' lang='lat' dir='ltr'>amoris</span> <span class='ocrx_word' id='word_1_18' title='bbox 476 738 570 798; x_wconf 81' lang='lat' dir='ltr'>causa</span> <span class='ocrx_word' id='word_1_19' title='bbox 592 755 721 818; x_wconf 78' lang='lat' dir='ltr'>sumpse</span> <span class='ocrx_word' id='word_1_20' title='bbox 743 737 905 800; x_wconf 81' lang='lat' dir='ltr'>mutuum:</span> <span class='ocrx_word' id='word_1_21' title='bbox 923 752 960 806; x_wconf 69' lang='lat' dir='ltr'>tr</span> 
     </span>
     <span class='ocr_line' id='line_1_6' title="bbox 127 839 1025 925; baseline -0.002 -19"><span class='ocrx_word' id='word_1_22' title='bbox 127 839 304 925; x_wconf 75' lang='lat' dir='ltr'>Extemplo</span> <span class='ocrx_word' id='word_1_23' title='bbox 327 839 384 904; x_wconf 94' lang='lat' dir='ltr'>illo</span> <span class='ocrx_word' id='word_1_24' title='bbox 407 842 440 903; x_wconf 90' lang='lat' dir='ltr'>te</span> <span class='ocrx_word' id='word_1_25' title='bbox 463 839 590 924; x_wconf 80' lang='lat' dir='ltr'>ducam,</span> <span class='ocrx_word' id='word_1_26' title='bbox 612 839 669 904; x_wconf 92' lang='lat' dir='ltr'>ubi</span> <span class='ocrx_word' id='word_1_27' title='bbox 691 861 756 904; x_wconf 89' lang='lat' dir='ltr'>non</span> <span class='ocrx_word' id='word_1_28' title='bbox 780 840 923 924; x_wconf 86' lang='lat' dir='ltr'>de&#39;spuas.</span> <span class='ocrx_word' id='word_1_29' title='bbox 982 847 1025 910; x_wconf 70' lang='lat' dir='ltr'>tt</span> 
     </span>
    </p>
   </div>
   <div class='ocr_carea' id='block_1_4' title="bbox 126 959 1141 1459">
    <p class='ocr_par' dir='ltr' id='par_1_4' title="bbox 126 959 1141 1459">
     <span class='ocr_line' id='line_1_7' title="bbox 201 959 1141 1030; baseline -0.002 -13"><span class='ocrx_word' id='word_1_30' title='bbox 201 960 310 1017; x_wconf 77' lang='lat' dir='ltr'>Gellius</span> <span class='ocrx_word' id='word_1_31' title='bbox 324 960 350 1014; x_wconf 88' lang='lat'>11</span> <span class='ocrx_word' id='word_1_32' title='bbox 366 965 411 1030; x_wconf 82' lang='lat'>19,</span> <span class='ocrx_word' id='word_1_33' title='bbox 427 965 443 1014; x_wconf 85' lang='lat'>6</span> <span class='ocrx_word' id='word_1_34' title='bbox 463 960 560 1015; x_wconf 76' lang='lat' dir='ltr'>‘aliter</span> <span class='ocrx_word' id='word_1_35' title='bbox 581 960 656 1014; x_wconf 87' lang='lat' dir='ltr'>enim</span> <span class='ocrx_word' id='word_1_36' title='bbox 679 959 786 1015; x_wconf 89' lang='lat' dir='ltr'>dictum</span> <span class='ocrx_word' id='word_1_37' title='bbox 804 977 865 1015; x_wconf 90' lang='lat' dir='ltr'>esse</span> <span class='ocrx_word' id='word_1_38' title='bbox 883 959 1011 1015; x_wconf 87' lang='lat' dir='ltr'>resciui</span> <span class='ocrx_word' id='word_1_39' title='bbox 1030 962 1080 1014; x_wconf 90' lang='lat' dir='ltr'>aut</span> <span class='ocrx_word' id='word_1_40' title='bbox 1098 977 1141 1015; x_wconf 87' lang='lat' dir='ltr'>rc-</span> 
     </span>
     <span class='ocr_line' id='line_1_8' title="bbox 127 1030 1140 1104; baseline -0.002 -16"><span class='ocrx_word' id='word_1_41' title='bbox 127 1033 200 1088; x_wconf 87' lang='lat' dir='ltr'>scire</span> <span class='ocrx_word' id='word_1_42' title='bbox 219 1031 297 1102; x_wconf 87' lang='lat' dir='ltr'>apud</span> <span class='ocrx_word' id='word_1_43' title='bbox 315 1047 378 1099; x_wconf 80' lang='lat' dir='ltr'>eos,</span> <span class='ocrx_word' id='word_1_44' title='bbox 414 1030 445 1086; x_wconf 90' lang='lat' dir='ltr'>ui</span> <span class='ocrx_word' id='word_1_45' title='bbox 462 1031 614 1104; x_wconf 78' lang='lat' dir='ltr'>diligenter</span> <span class='ocrx_word' id='word_1_46' title='bbox 631 1031 720 1086; x_wconf 89' lang='lat' dir='ltr'>locuti</span> <span class='ocrx_word' id='word_1_47' title='bbox 738 1033 813 1099; x_wconf 83' lang='lat' dir='ltr'>sunt,</span> <span class='ocrx_word' id='word_1_48' title='bbox 830 1032 955 1087; x_wconf 87' lang='lat' dir='ltr'>nondum</span> <span class='ocrx_word' id='word_1_49' title='bbox 972 1030 1140 1101; x_wconf 81' lang='lat' dir='ltr'>macrinus,</span> 
     </span>
     <span class='ocr_line' id='line_1_9' title="bbox 127 1101 1141 1174; baseline 0.001 -16"><span class='ocrx_word' id='word_1_50' title='bbox 127 1122 216 1173; x_wconf 88' lang='lat' dir='ltr'>quam</span> <span class='ocrx_word' id='word_1_51' title='bbox 235 1101 361 1174; x_wconf 87' lang='lat' dir='ltr'>superis</span> <span class='ocrx_word' id='word_1_52' title='bbox 379 1117 409 1156; x_wconf 90' lang='lat' dir='ltr'>re</span> <span class='ocrx_word' id='word_1_53' title='bbox 429 1119 474 1172; x_wconf 82' lang='lat' dir='ltr'>us,</span> <span class='ocrx_word' id='word_1_54' title='bbox 494 1119 566 1172; x_wconf 88' lang='lat' dir='ltr'>quae</span> <span class='ocrx_word' id='word_1_55' title='bbox 585 1102 635 1158; x_wconf 87' lang='lat' dir='ltr'>aut</span> <span class='ocrx_word' id='word_1_56' title='bbox 654 1102 781 1158; x_wconf 87' lang='lat' dir='ltr'>consulto</span> <span class='ocrx_word' id='word_1_57' title='bbox 800 1101 917 1158; x_wconf 89' lang='lat' dir='ltr'>consilio</span> <span class='ocrx_word' id='word_1_58' title='bbox 936 1101 1073 1158; x_wconf 87' lang='lat' dir='ltr'>latuerint</span> <span class='ocrx_word' id='word_1_59' title='bbox 1090 1105 1141 1168; x_wconf 85' lang='lat' dir='ltr'>aut</span> 
     </span>
     <span class='ocr_line' id='line_1_10' title="bbox 128 1172 1140 1256; baseline -0.002 -26"><span class='ocrx_word' id='word_1_60' title='bbox 128 1179 229 1230; x_wconf 85' lang='lat' dir='ltr'>contra</span> <span class='ocrx_word' id='word_1_61' title='bbox 243 1190 323 1256; x_wconf 87' lang='lat' dir='ltr'>spem</span> <span class='ocrx_word' id='word_1_62' title='bbox 336 1173 532 1243; x_wconf 84' lang='lat' dir='ltr'>opinionemue</span> <span class='ocrx_word' id='word_1_63' title='bbox 546 1191 599 1228; x_wconf 91' lang='lat' dir='ltr'>usu</span> <span class='ocrx_word' id='word_1_64' title='bbox 613 1172 749 1228; x_wconf 86' lang='lat' dir='ltr'>uenerint.</span> <span class='ocrx_word' id='word_1_65' title='bbox 776 1173 952 1243; x_wconf 78' lang='lat' dir='ltr'><strong>Quamquam</strong></span> <span class='ocrx_word' id='word_1_66' title='bbox 965 1173 1058 1244; x_wconf 87' lang='lat' dir='ltr'>ipsum</span> <span class='ocrx_word' id='word_1_67' title='bbox 1069 1172 1140 1228; x_wconf 88' lang='lat' dir='ltr'>scire</span> 
     </span>
     <span class='ocr_line' id='line_1_11' title="bbox 126 1243 1140 1314; baseline -0.003 -13"><span class='ocrx_word' id='word_1_68' title='bbox 126 1247 163 1301; x_wconf 87' lang='lat' dir='ltr'>de</span> <span class='ocrx_word' id='word_1_69' title='bbox 188 1245 319 1301; x_wconf 89' lang='lat' dir='ltr'>ommbus</span> <span class='ocrx_word' id='word_1_70' title='bbox 344 1244 528 1299; x_wconf 88' lang='lat' dir='ltr'>communiter</span> <span class='ocrx_word' id='word_1_71' title='bbox 550 1243 633 1299; x_wconf 91' lang='lat' dir='ltr'>rebus</span> <span class='ocrx_word' id='word_1_72' title='bbox 657 1243 768 1299; x_wconf 89' lang='lat' dir='ltr'>dicatur</span> <span class='ocrx_word' id='word_1_73' title='bbox 790 1244 836 1298; x_wconf 91' lang='lat' dir='ltr'>uel</span> <span class='ocrx_word' id='word_1_74' title='bbox 859 1244 984 1299; x_wconf 89' lang='lat' dir='ltr'>aduersis</span> <span class='ocrx_word' id='word_1_75' title='bbox 1008 1243 1054 1298; x_wconf 92' lang='lat' dir='ltr'>uel</span> <span class='ocrx_word' id='word_1_76' title='bbox 1077 1261 1140 1314; x_wconf 90' lang='lat' dir='ltr'>pro-</span> 
     </span>
     <span class='ocr_line' id='line_1_12' title="bbox 127 1315 1139 1413; baseline -0.002 -41"><span class='ocrx_word' id='word_1_77' title='bbox 127 1317 218 1388; x_wconf 87' lang='lat' dir='ltr'>speris</span> <span class='ocrx_word' id='word_1_78' title='bbox 242 1316 290 1371; x_wconf 90' lang='lat' dir='ltr'>uel</span> <span class='ocrx_word' id='word_1_79' title='bbox 301 1315 457 1413; x_wconf 56' lang='lat' dir='ltr'>,insperatis</span> <span class='ocrx_word' id='word_1_80' title='bbox 476 1315 522 1370; x_wconf 91' lang='lat' dir='ltr'>uel</span> <span class='ocrx_word' id='word_1_81' title='bbox 542 1315 704 1386; x_wconf 79' lang='lat' dir='ltr'>expectatis.</span> <span class='ocrx_word' id='word_1_82' title='bbox 742 1315 867 1370; x_wconf 87' lang='lat' dir='ltr'>Naeuius</span> <span class='ocrx_word' id='word_1_83' title='bbox 885 1315 915 1370; x_wconf 91' lang='lat' dir='ltr'>in</span> <span class='ocrx_word' id='word_1_84' title='bbox 933 1315 1079 1386; x_wconf 79' lang='lat' dir='ltr'>Triphallo</span> <span class='ocrx_word' id='word_1_85' title='bbox 1097 1315 1139 1370; x_wconf 90' lang='lat' dir='ltr'>ita</span> 
     </span>
     <span class='ocr_line' id='line_1_13' title="bbox 126 1386 431 1459; baseline -0.007 -16"><span class='ocrx_word' id='word_1_86' title='bbox 126 1387 254 1459; x_wconf 89' lang='lat' dir='ltr'>scripsit:</span> <span class='ocrx_word' id='word_1_87' title='bbox 274 1386 298 1441; x_wconf 89' lang='lat' dir='ltr'>si</span> <span class='ocrx_word' id='word_1_88' title='bbox 330 1402 353 1442; x_wconf 89' lang='lat' dir='ltr'>c.</span> <span class='ocrx_word' id='word_1_89' title='bbox 368 1404 393 1454; x_wconf 92' lang='lat' dir='ltr'>q.</span> <span class='ocrx_word' id='word_1_90' title='bbox 410 1404 431 1442; x_wconf 86' lang='lat' dir='ltr'>s.</span> 
     </span>
    </p>
   </div>
   <div class='ocr_carea' id='block_1_5' title="bbox 125 1511 1139 1722">
    <p class='ocr_par' dir='ltr' id='par_1_5' title="bbox 125 1511 1139 1722">
     <span class='ocr_line' id='line_1_14' title="bbox 201 1511 1139 1582; baseline -0.002 -16"><span class='ocrx_word' id='word_1_91' title='bbox 201 1518 215 1566; x_wconf 94' lang='lat'>1</span> <span class='ocrx_word' id='word_1_92' title='bbox 237 1511 262 1565; x_wconf 85' lang='lat' dir='ltr'>ei</span> <span class='ocrx_word' id='word_1_93' title='bbox 285 1526 434 1578; x_wconf 77' lang='lat' dir='ltr'>numquam</span> <span class='ocrx_word' id='word_1_94' title='bbox 456 1511 559 1566; x_wconf 62' lang='lat' dir='ltr'>acuum</span> <span class='ocrx_word' id='word_1_95' title='bbox 579 1517 726 1580; x_wconf 73' lang='lat' dir='ltr'>antequam</span> <span class='ocrx_word' id='word_1_96' title='bbox 740 1511 886 1580; x_wconf 75' lang='lat' dir='ltr'><strong><em>proposuit</em></strong></span> <span class='ocrx_word' id='word_1_97' title='bbox 903 1511 1051 1582; x_wconf 71' lang='lat' dir='ltr'>Berytius:</span> <span class='ocrx_word' id='word_1_98' title='bbox 1074 1511 1139 1566; x_wconf 82' lang='lat' dir='ltr'>olim</span> 
     </span>
     <span class='ocr_line' id='line_1_15' title="bbox 126 1581 1138 1650; baseline -0.005 -11"><span class='ocrx_word' id='word_1_99' title='bbox 126 1585 211 1647; x_wconf 65' lang='lat' dir='ltr'>acuto</span> <span class='ocrx_word' id='word_1_100' title='bbox 228 1599 322 1640; x_wconf 73' lang='lat' dir='ltr'>curres</span> <span class='ocrx_word' id='word_1_101' title='bbox 339 1583 427 1638; x_wconf 74' lang='lat' dir='ltr'>thasus</span> <span class='ocrx_word' id='word_1_102' title='bbox 444 1583 475 1650; x_wconf 85' lang='lat' dir='ltr'>(e.</span> <span class='ocrx_word' id='word_1_103' title='bbox 489 1599 511 1638; x_wconf 90' lang='lat' dir='ltr'>c.</span> <span class='ocrx_word' id='word_1_104' title='bbox 531 1583 571 1650; x_wconf 86' lang='lat' dir='ltr'>at)</span> <span class='ocrx_word' id='word_1_105' title='bbox 589 1583 719 1638; x_wconf 69' lang='lat' dir='ltr'>cautuae</span> <span class='ocrx_word' id='word_1_106' title='bbox 736 1588 893 1638; x_wconf 76' lang='lat' dir='ltr'><strong><em>statueram.</em></strong></span> <span class='ocrx_word' id='word_1_107' title='bbox 915 1581 946 1644; x_wconf 85' lang='lat' dir='ltr'>si</span> <span class='ocrx_word' id='word_1_108' title='bbox 957 1597 1099 1649; x_wconf 51' lang='lat' dir='ltr'>¹umquam</span> <span class='ocrx_word' id='word_1_109' title='bbox 1117 1602 1138 1635; x_wconf 86' lang='grc' dir='ltr'><strong><em>ω</em></strong></span> 
     </span>
     <span class='ocr_line' id='line_1_16' title="bbox 125 1651 1139 1722; baseline -0.001 -13"><span class='ocrx_word' id='word_1_110' title='bbox 125 1654 172 1708; x_wconf 90' lang='lat' dir='ltr'>sin</span> <span class='ocrx_word' id='word_1_111' title='bbox 191 1671 218 1709; x_wconf 92' lang='lat' dir='ltr'>u.</span> <span class='ocrx_word' id='word_1_112' title='bbox 237 1671 258 1709; x_wconf 82' lang='lat' dir='ltr'>a</span> <span class='ocrx_word' id='word_1_113' title='bbox 277 1669 418 1722; x_wconf 66' lang='lat' dir='ltr'>,umquam</span> <span class='ocrx_word' id='word_1_114' title='bbox 437 1651 461 1705; x_wconf 89' lang='lat' dir='ltr'>si</span> <span class='ocrx_word' id='word_1_115' title='bbox 481 1652 578 1708; x_wconf 76' lang='lat' dir='ltr'>Carrio</span> <span class='ocrx_word' id='word_1_116' title='bbox 656 1659 672 1708; x_wconf 77' lang='lat'>2</span> <span class='ocrx_word' id='word_1_117' title='bbox 691 1651 779 1707; x_wconf 91' lang='lat' dir='ltr'>amori</span> <span class='ocrx_word' id='word_1_118' title='bbox 798 1652 872 1710; x_wconf 76' lang='lat' dir='ltr'>asu.</span> <span class='ocrx_word' id='word_1_119' title='bbox 934 1668 1045 1722; x_wconf 87' lang='lat' dir='ltr'>sumpse</span> <span class='ocrx_word' id='word_1_120' title='bbox 1065 1651 1139 1708; x_wconf 83' lang='lat' dir='ltr'>Fru-</span> 
     </span>
    </p>
   </div>
   <div class='ocr_carea' id='block_1_6' title="bbox 121 1737 1166 1992">
    <p class='ocr_par' dir='ltr' id='par_1_6' title="bbox 121 1737 1166 2002">
     <span class='ocr_line' id='line_1_17' title="bbox 125 1737 1138 1860; baseline -0.005 -26"><span class='ocrx_word' id='word_1_121' title='bbox 125 1780 221 1847; x_wconf 71' lang='lat' dir='ltr'>uuus,</span> <span class='ocrx_word' id='word_1_122' title='bbox 242 1777 340 1833; x_wconf 73' lang='lat' dir='ltr'>Gauio</span> <span class='ocrx_word' id='word_1_123' title='bbox 367 1775 518 1860; x_wconf 72' lang='lat' dir='ltr'>sumpsisse</span> <span class='ocrx_word' id='word_1_124' title='bbox 537 1775 604 1848; x_wconf 75' lang='lat' dir='ltr'>Rep.</span> <span class='ocrx_word' id='word_1_125' title='bbox 624 1777 684 1859; x_wconf 78' lang='lat' dir='ltr'>Vat.</span> <span class='ocrx_word' id='word_1_126' title='bbox 713 1737 833 1860; x_wconf 71' lang='lat' dir='ltr'>superisa</span> <span class='ocrx_word' id='word_1_127' title='bbox 855 1779 915 1846; x_wconf 87' lang='lat' dir='ltr'>(use</span> <span class='ocrx_word' id='word_1_128' title='bbox 932 1791 1004 1860; x_wconf 73' lang='lat' dir='ltr'>corr.</span> <span class='ocrx_word' id='word_1_129' title='bbox 1024 1775 1138 1859; x_wconf 66' lang='lat' dir='ltr'>tuisse)</span> 
     </span>
     <span class='ocr_line' id='line_1_18' title="bbox 121 1847 1166 1992; baseline -0.004 -16"><span class='ocrx_word' id='word_1_130' title='bbox 121 1850 253 1992; x_wconf 64' lang='lat' dir='ltr'>itia</span> <span class='ocrx_word' id='word_1_131' title='bbox 264 1847 1138 1990; x_wconf 61' lang='lat' dir='ltr'>statasattttutsttlttttattuit</span> <span class='ocrx_word' id='word_1_132' title='bbox 1163 1915 1166 1920; x_wconf 95' lang='lat'>·</span> 
     </span>
    </p>
   </div>
   <div class='ocr_carea' id='block_1_7' title="bbox 496 2083 772 2144">
    <p class='ocr_par' dir='ltr' id='par_1_7' title="bbox 496 2083 772 2144">
     <span class='ocr_line' id='line_1_19' title="bbox 496 2083 772 2144; baseline 0 0"><span class='ocrx_word' id='word_1_133' title='bbox 496 2083 772 2144; x_wconf 80' lang='lat' dir='ltr'>TVNIOVLARIA</span> 
     </span>
    </p>
   </div>
   <div class='ocr_carea' id='block_1_8' title="bbox 627 2209 1118 2358">
    <p class='ocr_par' dir='ltr' id='par_1_8' title="bbox 627 2209 1118 2358">
     <span class='ocr_line' id='line_1_20' title="bbox 627 2209 1118 2358; baseline -0.006 -1"><span class='ocrx_word' id='word_1_134' title='bbox 627 2209 644 2268; x_wconf 62' lang='lat' dir='ltr'>I</span> <span class='ocrx_word' id='word_1_135' title='bbox 766 2291 968 2358; x_wconf 70' lang='lat' dir='ltr'>isaacum</span> <span class='ocrx_word' id='word_1_136' title='bbox 1046 2239 1118 2355; x_wconf 69' lang='lat' dir='ltr'>a</span> 
     </span>
    </p>
   </div>
   <div class='ocr_carea' id='block_1_9' title="bbox 123 2351 1192 2697">
    <p class='ocr_par' dir='ltr' id='par_1_9' title="bbox 123 2351 1192 2697">
     <span class='ocr_line' id='line_1_21' title="bbox 124 2351 1192 2486; baseline -0.007 -18"><span class='ocrx_word' id='word_1_137' title='bbox 124 2351 311 2486; x_wconf 64' lang='lat' dir='ltr'>(lampales</span> <span class='ocrx_word' id='word_1_138' title='bbox 335 2450 368 2464; x_wconf 91' lang='lat'>..</span> <span class='ocrx_word' id='word_1_139' title='bbox 392 2400 448 2484; x_wconf 90' lang='lat' dir='ltr'>qui</span> <span class='ocrx_word' id='word_1_140' title='bbox 471 2400 542 2464; x_wconf 79' lang='lat' dir='ltr'>aras</span> <span class='ocrx_word' id='word_1_141' title='bbox 566 2397 800 2484; x_wconf 66' lang='lat' dir='ltr'>Compitalibus</span> <span class='ocrx_word' id='word_1_142' title='bbox 1140 2420 1192 2470; x_wconf 88' lang='lat'>100</span> 
     </span>
     <span class='ocr_line' id='line_1_22' title="bbox 124 2503 842 2592; baseline -0.006 -18"><span class='ocrx_word' id='word_1_143' title='bbox 124 2507 250 2574; x_wconf 73' lang='lat' dir='ltr'>Sedens</span> <span class='ocrx_word' id='word_1_144' title='bbox 272 2507 308 2571; x_wconf 89' lang='lat' dir='ltr'>in</span> <span class='ocrx_word' id='word_1_145' title='bbox 330 2505 410 2571; x_wconf 82' lang='lat' dir='ltr'>ceila</span> <span class='ocrx_word' id='word_1_146' title='bbox 432 2503 658 2571; x_wconf 84' lang='lat' dir='ltr'>circumtectus</span> <span class='ocrx_word' id='word_1_147' title='bbox 680 2505 842 2592; x_wconf 82' lang='lat' dir='ltr'>te&#39;getibus</span> 
     </span>
     <span class='ocr_line' id='line_1_23' title="bbox 123 2609 770 2697; baseline -0.006 -17"><span class='ocrx_word' id='word_1_148' title='bbox 123 2614 225 2680; x_wconf 88' lang='lat' dir='ltr'>Lare&#39;s</span> <span class='ocrx_word' id='word_1_149' title='bbox 247 2609 389 2678; x_wconf 85' lang='lat' dir='ltr'>ludentis</span> <span class='ocrx_word' id='word_1_150' title='bbox 412 2613 487 2697; x_wconf 69' lang='lat' dir='ltr'>peni</span> <span class='ocrx_word' id='word_1_151' title='bbox 509 2612 617 2697; x_wconf 88' lang='lat' dir='ltr'>pinxit</span> <span class='ocrx_word' id='word_1_152' title='bbox 638 2611 770 2677; x_wconf 78' lang='lat' dir='ltr'>bubulo.</span> 
     </span>
    </p>
   </div>
   <div class='ocr_carea' id='block_1_10' title="bbox 114 2749 1139 3460">
    <p class='ocr_par' dir='ltr' id='par_1_10' title="bbox 114 2749 1139 3460">
     <span class='ocr_line' id='line_1_24' title="bbox 198 2749 1139 2820; baseline -0.002 -14"><span class='ocrx_word' id='word_1_153' title='bbox 198 2752 300 2806; x_wconf 77' lang='lat' dir='ltr'>Festus</span> <span class='ocrx_word' id='word_1_154' title='bbox 317 2769 345 2820; x_wconf 91' lang='lat' dir='ltr'>p.</span> <span class='ocrx_word' id='word_1_155' title='bbox 360 2755 413 2804; x_wconf 79' lang='lat'>230</span> <span class='ocrx_word' id='word_1_156' title='bbox 426 2750 463 2805; x_wconf 89' lang='lat' dir='ltr'>M.</span> <span class='ocrx_word' id='word_1_157' title='bbox 485 2751 618 2819; x_wconf 79' lang='lat' dir='ltr'>‘penem</span> <span class='ocrx_word' id='word_1_158' title='bbox 641 2749 751 2818; x_wconf 75' lang='lat' dir='ltr'>antiqui</span> <span class='ocrx_word' id='word_1_159' title='bbox 771 2750 871 2804; x_wconf 87' lang='lat' dir='ltr'>codam</span> <span class='ocrx_word' id='word_1_160' title='bbox 889 2749 1032 2805; x_wconf 89' lang='lat' dir='ltr'>uocabant</span> <span class='ocrx_word' id='word_1_161' title='bbox 1051 2781 1084 2791; x_wconf 93' lang='lat'>-</span> <span class='ocrx_word' id='word_1_162' title='bbox 1102 2783 1139 2792; x_wconf 92' lang='lat'><em>-</em></span> 
     </span>
     <span class='ocr_line' id='line_1_25' title="bbox 123 2820 1138 2891; baseline -0.002 -13"><span class='ocrx_word' id='word_1_163' title='bbox 123 2823 236 2878; x_wconf 81' lang='lat' dir='ltr'>dictrrm</span> <span class='ocrx_word' id='word_1_164' title='bbox 259 2824 303 2877; x_wconf 90' lang='lat' dir='ltr'>est</span> <span class='ocrx_word' id='word_1_165' title='bbox 324 2821 445 2876; x_wconf 77' lang='lat' dir='ltr'>forsitan</span> <span class='ocrx_word' id='word_1_166' title='bbox 467 2837 485 2875; x_wconf 92' lang='lat' dir='ltr'>a</span> <span class='ocrx_word' id='word_1_167' title='bbox 506 2821 664 2891; x_wconf 87' lang='lat' dir='ltr'>pendendo.</span> <span class='ocrx_word' id='word_1_168' title='bbox 700 2821 836 2876; x_wconf 81' lang='lat' dir='ltr'>Naeuiur&#39;</span> <span class='ocrx_word' id='word_1_169' title='bbox 861 2820 965 2891; x_wconf 86' lang='lat' dir='ltr'>(neut’</span> <span class='ocrx_word' id='word_1_170' title='bbox 985 2821 1045 2877; x_wconf 89' lang='lat' dir='ltr'>cod.</span> <span class='ocrx_word' id='word_1_171' title='bbox 1065 2824 1138 2876; x_wconf 91' lang='lat' dir='ltr'>teste</span> 
     </span>
     <span class='ocr_line' id='line_1_26' title="bbox 124 2891 1138 2964; baseline -0.003 -15"><span class='ocrx_word' id='word_1_172' title='bbox 124 2895 157 2950; x_wconf 87' lang='grc' dir='ltr'>Η.</span> <span class='ocrx_word' id='word_1_173' title='bbox 178 2895 225 2964; x_wconf 90' lang='grc' dir='ltr'>Κ.)</span> <span class='ocrx_word' id='word_1_174' title='bbox 240 2892 292 2948; x_wconf 85' lang='lat' dir='ltr'>·‘in</span> <span class='ocrx_word' id='word_1_175' title='bbox 312 2891 507 2949; x_wconf 68' lang='lat' dir='ltr'>Tunicularia:</span> <span class='ocrx_word' id='word_1_176' title='bbox 530 2891 717 2947; x_wconf 84' lang='lat' dir='ltr'>Theodotum’</span> <span class='ocrx_word' id='word_1_177' title='bbox 738 2907 761 2947; x_wconf 88' lang='lat' dir='ltr'>e.</span> <span class='ocrx_word' id='word_1_178' title='bbox 781 2909 807 2960; x_wconf 91' lang='lat' dir='ltr'>q.</span> <span class='ocrx_word' id='word_1_179' title='bbox 826 2909 846 2947; x_wconf 89' lang='lat' dir='ltr'>s.</span> <span class='ocrx_word' id='word_1_180' title='bbox 886 2891 1038 2960; x_wconf 78' lang='lat' dir='ltr'>‘significat</span> <span class='ocrx_word' id='word_1_181' title='bbox 1059 2891 1138 2962; x_wconf 86' lang='lat' dir='ltr'>peni-</span> 
     </span>
     <span class='ocr_line' id='line_1_27' title="bbox 124 2961 1137 3036; baseline -0.004 -16"><span class='ocrx_word' id='word_1_182' title='bbox 124 2967 190 3021; x_wconf 83' lang='lat' dir='ltr'>culo</span> <span class='ocrx_word' id='word_1_183' title='bbox 209 2963 321 3036; x_wconf 83' lang='lat' dir='ltr'>grandi,</span> <span class='ocrx_word' id='word_1_184' title='bbox 339 2963 370 3017; x_wconf 92' lang='lat' dir='ltr'>id</span> <span class='ocrx_word' id='word_1_185' title='bbox 389 2966 432 3020; x_wconf 86' lang='lat' dir='ltr'>est</span> <span class='ocrx_word' id='word_1_186' title='bbox 449 2963 540 3018; x_wconf 75' lang='lat' dir='ltr'>coda.²</span> <span class='ocrx_word' id='word_1_187' title='bbox 570 2963 695 3018; x_wconf 84' lang='lat' dir='ltr'>Acumen</span> <span class='ocrx_word' id='word_1_188' title='bbox 712 2963 812 3017; x_wconf 90' lang='lat' dir='ltr'>horum</span> <span class='ocrx_word' id='word_1_189' title='bbox 828 2979 959 3016; x_wconf 86' lang='lat' dir='ltr'>versuum</span> <span class='ocrx_word' id='word_1_190' title='bbox 971 2961 1002 3016; x_wconf 90' lang='lat' dir='ltr'>in</span> <span class='ocrx_word' id='word_1_191' title='bbox 1016 2979 1049 3018; x_wconf 94' lang='lat' dir='ltr'>eo</span> <span class='ocrx_word' id='word_1_192' title='bbox 1063 2963 1137 3034; x_wconf 88' lang='lat' dir='ltr'>posi-</span> 
     </span>
     <span class='ocr_line' id='line_1_28' title="bbox 124 3032 1137 3104; baseline -0.004 -12"><span class='ocrx_word' id='word_1_193' title='bbox 124 3040 187 3092; x_wconf 89' lang='lat' dir='ltr'>tum</span> <span class='ocrx_word' id='word_1_194' title='bbox 206 3035 327 3104; x_wconf 82' lang='lat' dir='ltr'>videtur,</span> <span class='ocrx_word' id='word_1_195' title='bbox 346 3035 422 3104; x_wconf 91' lang='lat' dir='ltr'>quod</span> <span class='ocrx_word' id='word_1_196' title='bbox 439 3034 581 3089; x_wconf 84' lang='lat' dir='ltr'>trivialem</span> <span class='ocrx_word' id='word_1_197' title='bbox 598 3033 759 3102; x_wconf 90' lang='lat' dir='ltr'>nulliusque</span> <span class='ocrx_word' id='word_1_198' title='bbox 778 3032 847 3087; x_wconf 89' lang='lat' dir='ltr'>artis</span> <span class='ocrx_word' id='word_1_199' title='bbox 865 3033 993 3088; x_wconf 88' lang='lat' dir='ltr'>tabulam</span> <span class='ocrx_word' id='word_1_200' title='bbox 1010 3033 1137 3104; x_wconf 75' lang='lat' dir='ltr'>picturus</span> 
     </span>
     <span class='ocr_line' id='line_1_29' title="bbox 125 3103 1138 3176; baseline -0.003 -13"><span class='ocrx_word' id='word_1_201' title='bbox 125 3111 224 3163; x_wconf 84' lang='lat' dir='ltr'>tamen</span> <span class='ocrx_word' id='word_1_202' title='bbox 242 3105 325 3176; x_wconf 90' lang='lat' dir='ltr'>quasi</span> <span class='ocrx_word' id='word_1_203' title='bbox 344 3105 472 3160; x_wconf 85' lang='lat' dir='ltr'>divinum</span> <span class='ocrx_word' id='word_1_204' title='bbox 489 3123 559 3176; x_wconf 87' lang='lat' dir='ltr'>opus</span> <span class='ocrx_word' id='word_1_205' title='bbox 578 3107 653 3159; x_wconf 89' lang='lat' dir='ltr'>esset</span> <span class='ocrx_word' id='word_1_206' title='bbox 671 3119 820 3174; x_wconf 78' lang='lat' dir='ltr'>aggressus</span> <span class='ocrx_word' id='word_1_207' title='bbox 838 3103 962 3172; x_wconf 87' lang='lat' dir='ltr'>undique</span> <span class='ocrx_word' id='word_1_208' title='bbox 977 3119 1006 3158; x_wconf 86' lang='lat' dir='ltr'>se</span> <span class='ocrx_word' id='word_1_209' title='bbox 1021 3104 1138 3160; x_wconf 90' lang='lat' dir='ltr'>circum-</span> 
     </span>
     <span class='ocr_line' id='line_1_30' title="bbox 124 3173 1138 3250; baseline -0.004 -16"><span class='ocrx_word' id='word_1_210' title='bbox 124 3178 234 3250; x_wconf 85' lang='lat' dir='ltr'>saepsit</span> <span class='ocrx_word' id='word_1_211' title='bbox 248 3176 418 3232; x_wconf 79' lang='lat' dir='ltr'>Theodotus.</span> <span class='ocrx_word' id='word_1_212' title='bbox 450 3177 531 3230; x_wconf 89' lang='lat' dir='ltr'>Hunc</span> <span class='ocrx_word' id='word_1_213' title='bbox 550 3178 646 3230; x_wconf 91' lang='lat' dir='ltr'>autem</span> <span class='ocrx_word' id='word_1_214' title='bbox 664 3174 858 3230; x_wconf 88' lang='lat' dir='ltr'>cautissimum</span> <span class='ocrx_word' id='word_1_215' title='bbox 876 3178 905 3229; x_wconf 93' lang='lat' dir='ltr'>et</span> <span class='ocrx_word' id='word_1_216' title='bbox 923 3173 1028 3244; x_wconf 89' lang='lat' dir='ltr'>optime</span> <span class='ocrx_word' id='word_1_217' title='bbox 1046 3176 1138 3230; x_wconf 84' lang='lat' dir='ltr'>muni-</span> 
     </span>
     <span class='ocr_line' id='line_1_31' title="bbox 114 3245 1136 3328; baseline -0.002 -24"><span class='ocrx_word' id='word_1_218' title='bbox 114 3253 186 3316; x_wconf 82' lang='lat' dir='ltr'>tum</span> <span class='ocrx_word' id='word_1_219' title='bbox 214 3247 308 3303; x_wconf 84' lang='lat' dir='ltr'>virum</span> <span class='ocrx_word' id='word_1_220' title='bbox 334 3263 368 3302; x_wconf 87' lang='lat' dir='ltr'>ex</span> <span class='ocrx_word' id='word_1_221' title='bbox 395 3247 457 3318; x_wconf 90' lang='lat' dir='ltr'>ipsa</span> <span class='ocrx_word' id='word_1_222' title='bbox 485 3247 555 3303; x_wconf 90' lang='lat' dir='ltr'>aede</span> <span class='ocrx_word' id='word_1_223' title='bbox 582 3245 670 3302; x_wconf 81' lang='lat' dir='ltr'>furari</span> <span class='ocrx_word' id='word_1_224' title='bbox 696 3262 778 3328; x_wconf 87' lang='lat' dir='ltr'>posse</span> <span class='ocrx_word' id='word_1_225' title='bbox 806 3245 925 3300; x_wconf 89' lang='lat' dir='ltr'>callidus</span> <span class='ocrx_word' id='word_1_226' title='bbox 953 3245 999 3298; x_wconf 85' lang='lat' dir='ltr'>fur</span> <span class='ocrx_word' id='word_1_227' title='bbox 1024 3246 1136 3302; x_wconf 85' lang='lat' dir='ltr'>dicitur.</span> 
     </span>
     <span class='ocr_line' id='line_1_32' title="bbox 127 3316 1138 3375; baseline 0 -1"><span class='ocrx_word' id='word_1_228' title='bbox 127 3320 292 3375; x_wconf 71' lang='lat' dir='ltr'>‘audaces’</span> <span class='ocrx_word' id='word_1_229' title='bbox 316 3318 390 3373; x_wconf 85' lang='lat' dir='ltr'>lares</span> <span class='ocrx_word' id='word_1_230' title='bbox 418 3318 554 3374; x_wconf 88' lang='lat' dir='ltr'>saltantes</span> <span class='ocrx_word' id='word_1_231' title='bbox 581 3317 723 3372; x_wconf 82' lang='lat' dir='ltr'>intellent</span> <span class='ocrx_word' id='word_1_232' title='bbox 744 3317 778 3373; x_wconf 92' lang='lat' dir='ltr'>H.</span> <span class='ocrx_word' id='word_1_233' title='bbox 800 3316 939 3372; x_wconf 85' lang='lat' dir='ltr'>Jordsnus</span> <span class='ocrx_word' id='word_1_234' title='bbox 965 3317 1070 3374; x_wconf 86' lang='lat' dir='ltr'>annall.</span> <span class='ocrx_word' id='word_1_235' title='bbox 1095 3319 1138 3374; x_wconf 89' lang='lat' dir='ltr'>in·</span> 
     </span>
     <span class='ocr_line' id='line_1_33' title="bbox 126 3387 1000 3460; baseline -0.007 -14"><span class='ocrx_word' id='word_1_236' title='bbox 126 3390 222 3446; x_wconf 85' lang='lat' dir='ltr'>stituti</span> <span class='ocrx_word' id='word_1_237' title='bbox 240 3389 380 3447; x_wconf 87' lang='lat' dir='ltr'>archaeol.</span> <span class='ocrx_word' id='word_1_238' title='bbox 397 3395 465 3446; x_wconf 73' lang='lat'>1862</span> <span class='ocrx_word' id='word_1_239' title='bbox 482 3407 510 3460; x_wconf 83' lang='lat' dir='ltr'>p.</span> <span class='ocrx_word' id='word_1_240' title='bbox 525 3393 577 3444; x_wconf 79' lang='lat'>338</span> <span class='ocrx_word' id='word_1_241' title='bbox 596 3388 641 3459; x_wconf 88' lang='lat' dir='ltr'>(cf.</span> <span class='ocrx_word' id='word_1_242' title='bbox 660 3387 777 3459; x_wconf 86' lang='lat' dir='ltr'>mythol.</span> <span class='ocrx_word' id='word_1_243' title='bbox 796 3387 875 3449; x_wconf 84' lang='lat' dir='ltr'>Rom.</span> <span class='ocrx_word' id='word_1_244' title='bbox 890 3388 916 3442; x_wconf 95' lang='grc' dir='ltr'>Π</span> <span class='ocrx_word' id='word_1_245' title='bbox 931 3391 1000 3456; x_wconf 77' lang='lat'>112).</span> 
     </span>
    </p>
   </div>
   <div class='ocr_carea' id='block_1_11' title="bbox 126 3489 1138 3640">
    <p class='ocr_par' dir='ltr' id='par_1_11' title="bbox 126 3489 1138 3640">
     <span class='ocr_line' id='line_1_34' title="bbox 198 3489 1138 3567; baseline -0.002 -15"><span class='ocrx_word' id='word_1_246' title='bbox 198 3503 214 3552; x_wconf 79' lang='lat'>2</span> <span class='ocrx_word' id='word_1_247' title='bbox 234 3497 385 3567; x_wconf 88' lang='lat' dir='ltr'>compeiles</span> <span class='ocrx_word' id='word_1_248' title='bbox 399 3497 497 3566; x_wconf 74' lang='lat' dir='ltr'>scripsi</span> <span class='ocrx_word' id='word_1_249' title='bbox 515 3489 666 3566; x_wconf 84' lang='lat' dir='ltr'>compellas</span> <span class='ocrx_word' id='word_1_250' title='bbox 676 3496 732 3551; x_wconf 85' lang='lat' dir='ltr'>cod.</span> <span class='ocrx_word' id='word_1_251' title='bbox 748 3494 885 3564; x_wconf 85' lang='lat' dir='ltr'>compella</span> <span class='ocrx_word' id='word_1_252' title='bbox 896 3495 1017 3565; x_wconf 76' lang='lat' dir='ltr'>Scalipcr</span> <span class='ocrx_word' id='word_1_253' title='bbox 1062 3497 1138 3550; x_wconf 89' lang='lat' dir='ltr'>lacu·</span> 
     </span>
     <span class='ocr_line' id='line_1_35' title="bbox 126 3565 1136 3640; baseline -0.006 -15"><span class='ocrx_word' id='word_1_254' title='bbox 126 3585 191 3625; x_wconf 85' lang='lat' dir='ltr'>uam</span> <span class='ocrx_word' id='word_1_255' title='bbox 219 3570 330 3640; x_wconf 76' lang='lat' dir='ltr'>expleas</span> <span class='ocrx_word' id='word_1_256' title='bbox 356 3569 398 3624; x_wconf 82' lang='lat' dir='ltr'>uel</span> <span class='ocrx_word' id='word_1_257' title='bbox 424 3569 536 3622; x_wconf 85' lang='lat' dir='ltr'>sanctas</span> <span class='ocrx_word' id='word_1_258' title='bbox 559 3570 600 3623; x_wconf 81' lang='lat' dir='ltr'>uel</span> <span class='ocrx_word' id='word_1_259' title='bbox 622 3581 711 3635; x_wconf 89' lang='lat' dir='ltr'>nuper</span> <span class='ocrx_word' id='word_1_260' title='bbox 733 3567 885 3622; x_wconf 67' lang='lat' dir='ltr'>iuuenta</span> <span class='ocrx_word' id='word_1_261' title='bbox 931 3565 988 3618; x_wconf 87' lang='lat' dir='ltr'>aris</span> <span class='ocrx_word' id='word_1_262' title='bbox 1012 3566 1136 3636; x_wconf 75' lang='lat' dir='ltr'>Machly,</span> 
     </span>
    </p>
   </div>
   <div class='ocr_carea' id='block_1_12' title="bbox 0 0 1338 3914">
    <p class='ocr_par' dir='ltr' id='par_1_12' title="bbox 0 0 1338 3914">
     <span class='ocr_line' id='line_1_36' title="bbox 0 0 1338 3914; baseline 0 0"><span class='ocrx_word' id='word_1_263' title='bbox 0 0 1338 3914; x_wconf 95' lang='lat' dir='ltr'> </span> 
     </span>
    </p>
   </div>
  </div>
 </body>
</html>
