2694 3906
199 137 263 202 192
518 136 549 192 T.
569 134 763 202 Qvnsorrvs
780 136 879 191 ATTA

197 296 278 352 iestis
294 299 337 351 esi
351 295 476 350 Cloatius
492 341 498 350 .
514 340 520 352 .
537 341 542 350 .
558 312 622 350 cum
635 295 676 350 sic
690 295 744 352 ait:
762 314 820 350 nux
835 297 943 352 Graeca
957 297 1115 368 amygdalo.
1138 298 1210 353 44444
1329 239 1330 290 1

197 384 264 422 uero
291 367 322 421 in
350 367 576 436 Supplicaiioncz
603 384 704 422 nucem
731 367 880 438 Graecam,
908 368 1014 436 inquii,
1042 368 1207 438 fanumque’

198 455 220 494 e.
240 456 266 508 q.
287 456 308 494 s.
344 437 470 493 Medicus
489 439 568 507 loqui
585 438 710 496 videtur:
730 439 764 495 cf.
784 438 881 494 Celsus
899 440 971 496 med.
990 440 1091 508 11117,
1110 447 1136 496 4.

267 561 368 600 nucem
386 545 522 600 Graecam
544 545 697 613 fauumque
720 546 794 599 adde
813 549 950 614 quantum
973 547 1046 600 libes
1067 567 1097 602 a.
1134 547 1209 604 Pato

197 619 288 687 ipsam
301 617 476 673 Macrobiroa
488 619 629 672 saboiam
642 619 765 672 ordirwm
778 619 946 674 immutasse:
964 617 1100 672 Thasiam
1117 625 1209 675 aatem

197 704 298 814 ffiexm
316 689 505 760 aliquomodo
523 689 697 755 asserendam
714 705 768 744 esse
783 706 836 758 pro
853 697 925 745 certo
942 691 1039 745 habco:
1062 691 1098 757 cf.
1117 692 1209 746 caroli.

498 889 592 951 TIRO
622 889 905 953 PROFIGISGENS

172 1010 292 1078 ‘Pater
314 1011 467 1076 ussioaiur
489 1015 565 1076 iiius
588 1033 628 1075 an
650 1014 754 1076 maier
777 1012 876 1076 uilioa
897 1011 968 1076 esi?

267 1133 426 1188 Priscianus
451 1150 477 1202 p.
498 1137 550 1187 828
568 1132 598 1187 P.
624 1133 653 1186 ‘a
675 1132 761 1187 uilico
787 1133 874 1187 eiiam
899 1133 984 1188 uilico
1009 1133 1057 1187 uel
1082 1133 1209 1188 uilieor

197 1205 331 1260 dicebant
345 1203 455 1273 antiqui
471 1248 476 1258 .
493 1247 497 1258 .
515 1249 520 1260 .
535 1205 605 1258 Aisa
618 1203 649 1257 in
663 1203 765 1258 Tirone
778 1205 987 1274 proficiscente:
1005 1207 1098 1274 paier'
1114 1222 1137 1260 e.
1148 1223 1174 1274 q.
1185 1224 1207 1261 s.

267 1312 413 1368 80000400
430 1327 484 1367 essa
497 1327 577 1380 posse
594 1312 700 1366 moaait
718 1310 870 1367 Maeliana
884 1313 993 1380 prosod.
1009 1312 1103 1368 Plaat.
1120 1317 1171 1366 130

196 1385 278 1452 paler
288 1381 440 1436 Villicaiur
458 1384 538 1438 ceteri
592 1398 628 1435 an
646 1383 746 1452 scripsi
762 1381 820 1436 iam
838 1403 860 1436 a
914 1381 1032 1448 44440440
1050 1385 1092 1453 (la
1106 1385 1156 1439 0404.
1171 1401 1208 1439 aa.

196 1455 254 1523 alt.)
272 1454 362 1525 Boaq.
381 1453 481 1507 0414044
498 1454 655 1524 44409040ον,
674 1455 750 1508 laad
766 1455 910 1522 displiceat

470 1637 524 1696 EX
547 1635 732 1698 INOERTIS
755 1639 926 1698 FABVLIS

692 1763 708 1822 I

194 1863 326 1929 Annum
353 1886 474 1929 nouum
502 1863 676 1928 uoluerunt
701 1886 768 1929 esse
791 1863 933 1950 primum
956 1869 1099 1943 mensem
1122 1863 1208 1930 Mar-

940 1971 1032 2036 lium.

265 2092 286 2146 Ι.
305 2089 338 2145 H.
367 2090 479 2146 Servius
506 2091 644 2146 Lemovic.
663 2091 694 2145 in
716 2107 810 2162 georg.
830 2091 843 2145 Ι
861 2062 895 2146 44
923 2092 963 2146 ‘ei
991 2091 1135 2147 sciendum
1162 2096 1207 2148 esi

196 2163 292 2218 decem
313 2163 426 2216 lanium
448 2178 556 2218 menses
579 2162 665 2217 fluisse
689 2163 765 2232 apud
788 2163 916 2218 maiores.
953 2161 1087 2218 Marcium
1111 2166 1206 2219 auiam

196 2234 262 2289 anni
280 2233 449 2304 principium
467 2235 571 2288 habere
589 2234 741 2289 uoluerunt
760 2279 765 2290 .
783 2279 788 2289 .
805 2277 810 2290 .
830 2235 900 2289 Aila
918 2234 954 2306 [1]
975 2237 1003 2288 04
1022 2234 1093 2290 alibi
1111 2235 1172 2307 [Π]’

682 2385 713 2443 ΙΙ

726 2469 864 2534 maiores
886 2467 1041 2534 Martium

142 2578 176 2627 40
193 2556 340 2623 Primum
362 2557 553 2622 habueruni.
712 2625 714 2630 ,

676 2686 723 2746 ΠΙ

195 2840 202 2854 .
225 2809 284 2873 pro
307 2787 427 2872 populo
450 2787 568 2876 fluctus
591 2808 701 2852 caecos
723 2787 847 2852 fa'ciuui
868 2809 926 2872 por
950 2787 1150 2853 discindiam.

266 2908 415 2964 Suetonius
435 2909 511 2978 apud
528 2908 666 2963 Isidorum
685 2909 720 2964 de
738 2909 846 2963 naiuris
861 2925 953 2962 rerum
966 2915 1002 2964 44
1016 2928 1043 2979 p.
1059 2915 1093 2964 74
1112 2909 1154 2964 ed.
1170 2909 1203 2966 G.

193 2979 302 3035 Becker
315 2979 355 3050 (in
370 2978 504 3034 Suetonio
518 2979 785 3035 Reifferscheidiano
799 2999 826 3050 p.
842 2983 904 3049 244)
920 2981 1057 3035 ‘caecus
1072 2981 1203 3035 fluctus

194 3051 315 3106 tumens’
340 3050 392 3121 (444
419 3051 452 3106 H.
471 3050 683 3120 Langensiepen
708 3053 825 3106 ‘lamen’
850 3051 922 3121 cod.)
951 3052 1080 3106 ‘necdum
1107 3055 1204 3106 tamen

195 3139 294 3191 canus,
318 3122 353 3176 de
376 3139 431 3190 quo
450 3122 520 3176 44444
537 3121 568 3175 in
590 3125 690 3192 togata
714 3123 754 3177 sio
777 3121 830 3178 aii:
843 3121 969 3192 ,populo'
990 3139 1013 3176 e.
1028 3141 1054 3191 q.
1070 3141 1091 3176 s.
1111 3123 1204 3192 (Aiia

195 3192 351 3247 Gronovius
367 3193 456 3248 aliia
469 3193 567 3248 Bamb.
577 3194 610 3262 A,
623 3193 703 3248 Bern.
714 3193 745 3247 M
758 3197 838 3248 4044
852 3193 931 3248 Bodl.
947 3196 1024 3248 caio
1038 3193 1135 3248 Basill.
1146 3193 1204 3264 OD)

264 3299 389 3354 Primam
407 3301 541 3372 syllabam
558 3299 569 3352 4
586 3301 629 3356 004
646 3299 677 3354 hi
694 3301 736 3356 004
754 3299 803 3368 qui
820 3302 862 3356 004
880 3300 904 3354 si
921 3302 1027 3371 capiere
1041 3302 1135 3370 potas

193 3385 243 3438 pro
265 3369 370 3439 populo
395 3370 697 3452 (0010140444.1))ωι
724 3389 775 3441 pro
797 3373 1023 3440 samasiensium
1047 3379 1098 3428 004
1119 3387 1202 3442 porro

194 3442 382 3566 iulium
419 3441 563 3568 allai
580 3441 686 3570 illl
699 3443 913 3571 iiiiii
1002 3443 1101 3498 ΗΜ
1120 3445 1203 3500 aa.
