2668 3904
187 161 252 226 346
511 159 865 216 uuumvsuieaarvs

257 319 464 389 adespoliauit
486 321 604 376 Boutae
669 320 783 375 molitas
805 322 853 376 Ba
914 337 931 375 e
952 320 1073 376 balineis
1095 322 1200 392 scripsi

186 391 258 446 lenis
276 413 298 446 ω
317 390 400 446 lineis
417 393 458 447 vel
475 391 564 446 lineas
583 392 694 448 Nereius
712 393 803 464 leuba
821 393 936 448 adeum
997 391 1103 447 labella
1121 391 1198 446 leuis

186 481 221 519 ea
238 463 357 531 Afranii
375 465 431 520 loeo
448 465 501 519 law
518 465 655 519 tramluta
672 480 727 520 ease
743 465 874 532 aditam
890 481 911 520 e

186 825 356 886 menuutus
379 825 427 886 est
448 883 454 894 ,
673 737 705 796 Π

259 960 365 1015 Gellius
383 960 448 1014 XVI
471 965 530 1027 7,1
556 958 705 1014 ‘Laberius
729 959 760 1013 in
785 959 890 1030 mimis,
918 977 988 1028 quos
1011 959 1195 1031 seriptiteuit‚

188 1032 291 1102 oppido
310 1049 395 1100 quam
410 1030 497 1084 uerba
515 1029 597 1084 finxit
613 1030 805 1100 praelicenter.
837 1031 911 1086 Nam
925 1034 954 1085 et
971 1031 1195 1086 mendieimo-

186 1103 278 1157 nium
297 1102 369 1156 dixit
387 1105 416 1156 et
435 1100 717 1156 moechimonium
736 1105 765 1157 et
783 1102 1034 1156 adulterionem
1056 1101 1195 1158 adulte-

187 1174 396 1243 ritatemque
413 1189 464 1243 pro
483 1171 622 1226 adulterio
641 1175 670 1226 et
688 1173 914 1243 depudieauit
933 1190 985 1254 pru
1005 1173 1148 1244 stuprauit
1166 1177 1197 1229 et

187 1245 363 1300 abluuium
384 1262 435 1314 pro
454 1243 562 1298 diluuio
580 1246 610 1298 et
627 1244 703 1312 quod
720 1243 751 1297 in
769 1244 854 1298 mimo
874 1247 967 1314 ponit,
991 1261 1075 1314 quem
1092 1245 1196 1315 (lophi-

186 1335 255 1370 num
277 1315 401 1460 senffiit,
427 1317 608 1370 menuatus
632 1317 684 1368 est
705 1332 769 1384 pro:
797 1315 906 1370 furatus
930 1319 980 1370 est.
1020 1318 1049 1370 et
1071 1315 1141 1370 item
1163 1316 1196 1370 in

187 1387 303 1442 Fullone
377 1385 522 1455 multaque
541 1385 598 1440 alia
616 1385 809 1440 huiuscemodi
826 1388 933 1442 nouat!
970 1387 1070 1456 Itaque
1089 1404 1145 1456 quo
1163 1387 1197 1441 in

186 1458 271 1513 mimo
281 1456 581 1512 mendicimonium
595 1457 624 1510 et
636 1457 918 1512 moeebimonium
932 1460 961 1512 et
975 1457 1150 1513 adulterio
1165 1461 1197 1513 et

188 1529 397 1584 adulteritas
421 1531 450 1583 et
472 1527 699 1598 depudieauit
721 1531 750 1583 et
773 1528 950 1582 ablauium
972 1529 1065 1584 locum
1087 1529 1194 1584 habue-

186 1599 256 1668 rint,
280 1616 295 1654 e
314 1599 405 1654 Gellio
423 1598 538 1668 quidem
559 1616 616 1652 non
639 1599 737 1655 elucet.
774 1599 882 1653 Nonius
902 1602 997 1654 eutem
1015 1616 1087 1668 quae
1105 1600 1197 1654 tradit

186 1689 213 1740 p.
228 1677 287 1738 140,
302 1677 348 1727 31:
370 1669 680 1724 ‘mendieimonium
698 1673 727 1724 et
744 1669 1014 1724 moceimonium'
1035 1671 1195 1740 (moechi-

186 1741 334 1796 monium
351 1741 498 1810 Bentinus)
518 1740 667 1794 ‘Laberius
688 1740 720 1794 in
742 1741 814 1796 libro
833 1758 916 1810 quem
934 1741 1101 1812 Cropium‘
1122 1741 1195 1812 (Go-

187 1812 326 1884 phinum
343 1813 493 1882 Mereerus)
514 1811 674 1892 ‘inscripsit
706 1811 736 1866 in
754 1828 787 1866 eo
805 1812 893 1868 uerba
911 1813 982 1866 haee
1000 1812 1127 1868 inueniet
1144 1813 1196 1882 qui

188 1883 332 1938 doetrinae
351 1882 474 1937 studium
491 1885 636 1952 putauerit
654 1881 852 1938 adhibendum.
889 1883 971 1938 ineo
990 1883 1063 1938 libro
1082 1901 1195 1952 quoque

187 1955 350 2008 maustus’
373 1957 562 2024 (manuatus
581 1953 740 2023 Reatinus),
761 1954 847 2023 ‘quod
865 1958 908 2009 est
925 1954 1047 2025 lirratus,
1066 1954 1195 2010 inuenire

188 2027 250 2080 est.'
285 2026 411 2095 Itemque
428 2044 456 2095 p.
468 2030 540 2094 70‚3
561 2023 824 2079 ‘adulterionem
841 2043 892 2096 pro
911 2026 1039 2081 adultero
1057 2026 1194 2081 Laberius

187 2097 383 2167 quoprino:’
408 2095 559 2166 (caprino
581 2095 667 2150 BeH¹
689 2113 753 2164 quo
776 2095 884 2166 primo
902 2097 953 2151 W¹
975 2097 1138 2167 quiprino
1158 2098 1197 2152 ΕΙ

188 2167 333 2238 Oaprino
356 2169 496 2222 Mercerus
524 2166 675 2236 Cophino
697 2167 807 2237 Junius)
837 2169 930 2236 ‘quem
958 2168 983 2222 si
1009 2168 1072 2237 quis
1099 2169 1194 2239 legere

187 2239 321 2310 uoluerit,
344 2239 386 2294 ibi
403 2238 530 2293 inueniet
547 2240 577 2291 et
594 2238 678 2292 fidem
695 2241 821 2292 nostram
839 2255 890 2293 sua
908 2239 1058 2310 diligentia
1077 2239 1195 2294 adiuua-

187 2310 245 2366 bit’
265 2328 300 2365 ex
322 2311 400 2365 nullo
424 2310 480 2364 alio
503 2309 581 2364 fonte
602 2307 658 2362 nisi
681 2325 715 2362 ex
738 2309 837 2364 eodem
855 2309 945 2364 Gellio
964 2310 1061 2364 hausit
1078 2310 1196 2380 eiusque

188 2383 222 2435 de
250 2399 305 2436 uno
332 2381 470 2436 vocabulo
497 2378 690 2434 testimonium
714 2382 818 2434 temere
843 2380 881 2434 ad
905 2380 1014 2450 reliqua
1039 2381 1195 2438 transtulit.

188 2453 227 2508 cf.
246 2453 376 2508 Hertzius
395 2451 498 2507 annell.
513 2449 621 2522 philoll.
639 2457 708 2506 1862
726 2470 753 2522 p.
765 2458 824 2506 724.

581 2732 798 2794 ORuTaNSIS

72 2847 74 2857 ¹
134 2882 169 2930 40
752 2862 984 2946 firmaeopoles
1006 2861 1137 2926 simium

11 2997 95 3088 “b
188 2969 344 3035 Deemsire
367 2968 479 3052 eoepit.

259 3115 400 3172 Charisius
423 3135 450 3186 p.
466 3122 500 3170 84
523 3116 553 3170 P.
582 3115 726 3171 ‘simiam
752 3118 879 3170 auctores
902 3114 1033 3168 dixerunt
1055 3113 1143 3168 etiem
1165 3115 1198 3170 in

139 3199 173 3254 Σ,
188 3187 343 3243 masculino
379 3190 411 3241 ut
432 3185 565 3241 Afranius
663 3186 798 3241 Laberius
821 3189 916 3241 tamen
938 3185 969 3239 in
992 3184 1117 3240 Cretensi
1141 3185 1196 3244 ait:

174 3231 400 3330 vsarmatopoles’
417 3275 440 3314 e.
455 3276 481 3328 q.
496 3276 517 3314 s.

258 3398 275 3445 2
293 3392 424 3446 deaurare
438 3393 585 3448 Patruitus
602 3395 631 3446 te
650 3407 744 3446 amare
762 3393 818 3447 rod.
876 3391 982 3462 occipit
994 3390 1142 3446 Reatina

187 3457 445 3600 §immam
472 3463 602 3517 deamare
628 3461 721 3532 coepit
745 3462 974 3534 pharmacopolae
998 3460 1110 3516 slmium
1132 3463 1196 3519 Bae
