2684 3908
400 167 430 221 L.
450 166 659 223 POMPONWS
678 164 920 221 BONONIENSIS
1100 165 1165 228 293

633 352 692 412 VH

157 453 277 518 Mirum
307 454 342 518 ni
370 454 449 518 haec
476 454 583 518 Marsa
611 456 672 538 ist,
703 453 737 517 in
767 452 915 516 colubras
945 452 1040 517 callet
1070 453 1168 517 canii-

902 559 1061 623 [insulam.

228 682 337 737 Nonius
351 687 412 751 482,
428 688 442 736 t
460 682 511 736 ‘sio
530 685 559 736 et
577 682 685 736 callet
702 681 783 736 illam
800 697 859 735 rem
877 697 927 750 pro
946 679 998 734 illa
1016 697 1054 735 re.
1086 681 1167 734 Pom-

157 753 259 824 ponius
277 753 449 810 Piotoribus:
468 753 580 808 mirum'
597 770 619 808 e.
635 771 661 822 q.
677 772 698 808 s.
728 751 934 824 (Pistoribus
947 751 1009 821 W1)

228 862 298 916 haee
318 907 323 916 .
341 906 345 916 .
363 906 368 916 .
389 863 423 916 H
496 861 624 916 colubres
643 861 690 916 Ba
766 857 976 914 cantiunculam
995 859 1170 914 Passeratius

158 932 330 987 canticulam
348 933 499 988 BaHLP
518 931 691 987 anticulum
714 933 753 986 W

543 1117 785 1178 PISOATORES

653 1244 669 1302 I

159 1345 244 1423 Quid
257 1345 358 1409 habes
373 1346 407 1410 in
422 1346 601 1432 surpiculis,
620 1345 732 1410 solue?
747 1339 1047 1428 -'Omnepisoai1‘
1060 1361 1169 1428 genus.

229 1466 339 1522 Nonius
357 1473 418 1536 488,
435 1474 467 1523 15
488 1467 632 1537 ‘piscati
649 1484 700 1536 pro
718 1465 852 1536 piscatus.
887 1465 1057 1536 Pomponius
1075 1464 1170 1519 Pisca-

159 1538 281 1594 toribus:
301 1537 384 1607 quid’
401 1555 423 1593 e.
439 1558 464 1607 q.
481 1557 501 1593 s.
558 1537 561 1544 '

159 1718 197 1772 Pl
231 1645 378 1772 muns
403 1667 424 1700 ω
523 1662 567 1700 em
590 1647 641 1718 (oei
658 1645 760 1716 habeo)
785 1661 865 1700 omno
889 1646 1041 1700 Muellerus
1060 1647 1169 1716 prosoi.

198 1735 236 1772 aa
250 1762 255 1772 .

651 1815 683 1872 Π

158 1915 277 1982 Nescio
294 1916 385 2001 quid:
404 1939 469 1980 non
488 1921 536 1981 est
553 1916 615 1981 hoo
633 1939 767 2002 merum,
786 1916 872 2001 quod
890 1916 943 1980 hio
961 1915 1068 2000 plorat
1088 1926 1223 1980 ....120

158 2109 177 2163 b
230 2037 418 2134 Nonias'344‚
434 2044 467 2091 13
488 2038 635 2108 ‘morum,
656 2039 801 2092 sincerum.
830 2037 1000 2107 Pomponius
1019 2037 1170 2091 Piscatori-

179 2126 226 2164 us:
245 2125 340 2163 nesa1o
368 2125 391 2163 e.
407 2127 431 2176 q.
449 2127 469 2163 s.

231 2215 420 2286 Septenariraa
456 2217 603 2270 iambicam
639 2217 783 2286 discripsi,
827 2218 876 2286 pai
911 2218 1086 2285 transpositis
1124 2215 1170 2270 hio

160 2287 340 2355 quodetiam
363 2287 446 2341 ieairi
466 2290 568 2357 possit:
594 2304 660 2342 aara
682 2289 746 2342 haee
769 2304 872 2357 preopae
894 2289 999 2342 notatio
1022 2288 1098 2354 quod
1123 2287 1170 2341 hio

158 2358 253 2427 plorat
352 2359 449 2413 citerior
466 2365 511 2413 est.
550 2359 700 2413 Troohaeos
722 2359 800 2413 tales:
823 2357 918 2412 nisoio
937 2357 1018 2426 quid,
1042 2359 1091 2412 sod
1114 2375 1171 2411 non

160 2432 203 2483 esi
225 2429 278 2482 hoo
301 2446 408 2483 morum
430 2428 477 2483 hio
500 2429 576 2497 quod
598 2428 692 2499 plorat
711 2474 716 2484 .
733 2475 738 2484 .
755 2473 761 2483 .
781 2431 845 2484 oiim
862 2431 985 2496 feceram.
1024 2430 1090 2484 Nori
1107 2431 1169 2499 pia·

159 2507 220 2555 seat
241 2501 281 2555 sia
304 2502 452 2570 discerptaz
475 2517 594 2569 merum,
619 2499 700 2565 Quod
722 2499 769 2554 hio
790 2500 885 2570 plorat
973 2502 1067 2555 nescio
1089 2499 1169 2572 quid]

159 2573 194 2640 af.
213 2572 357 2626 Aleaohs
375 2572 469 2627 Herm.
490 2573 535 2628 VI
549 2578 609 2626 269.
629 2578 680 2626 271
691 2589 728 2642 sp.
810 2571 959 2627 histoire
1039 2573 1171 2640 paratim

158 2645 267 2698 seaario
286 2644 348 2698 Bae

160 2820 245 2898 Quid
271 2822 333 2887 hoo
361 2825 409 2888 e‘st
436 2824 594 2889 tumulti?
643 2741 690 2798 ΙΠ

230 2942 338 2998 Nonius
362 2949 462 3014 484‚2
491 2945 648 3000 ‘tumulti
675 2963 725 3015 pro
753 2946 892 3000 tumultus
919 2989 978 3001 ...
1001 2946 1171 3016 Pomponius

158 3014 363 3071 Piscatoribus:
383 3016 466 3084 quid’
483 3033 506 3071 e.
521 3035 547 3084 q.
563 3035 583 3071 s.
603 3017 804 3087 (Piscatoris
818 3017 865 3088 W)

230 3121 299 3190 quid
319 3121 348 3191 0,
367 3122 475 3178 Aldiaa
498 3124 574 3191 quod
593 3144 614 3193 φ
687 3127 731 3178 est
748 3123 801 3178 hoc
820 3125 872 3180 W¹

593 3308 736 3369 PISTOR

656 3435 672 3492 I

159 3533 288 3619 De‘oipit
310 3535 448 3601 uiosnos:
473 3538 560 3621 quod
582 3536 767 3602 molendum
791 3537 959 3625 conduxit,
982 3543 1112 3605 comesi.
