2666 3914
191 151 235 216 62
521 151 707 207 CAECILIVS
727 151 877 208 STATIVS

616 320 770 380 KARINE

262 431 371 504 Καρίνη
390 435 537 490 Menandri
556 453 593 490 an
611 435 800 506 Antiphanis?

689 605 705 663 Ι

201 773 207 785 .
231 774 238 787 .
261 726 436 788 uisurum
459 727 492 788 et
513 725 651 809 uestem,
674 724 761 808 quod
782 713 896 790 matris
918 725 995 810 luit,

140 826 333 916 105Reluat,
357 830 443 915 quod
465 830 542 894 uiua
564 830 627 914 ipsi
651 831 815 915 6pposiuit
837 830 976 918 pignori.

261 949 361 1006 Festus
379 969 406 1020 p.
427 955 477 1006 281
497 953 534 1006 M.
556 951 718 1021 ‘reluere,
746 952 885 1006 resoluere
908 951 1095 1022 repigneraie.
1133 950 1202 1006 an-

191 1020 273 1075 cilius
292 1021 322 1075 in
341 1021 453 1078 Carine:
472 1025 505 1076 ut
523 1023 637 1077 aurum’
659 1038 682 1077 e.
702 1040 727 1091 q.
748 1041 768 1077 s.
956 1027 958 1034 ’

182 1153 185 1162 ¹
261 1134 277 1182 2
297 1128 441 1199 opposiuit
458 1128 580 1200 Scaliqer
598 1127 730 1215 opposuit
748 1131 805 1214 ced.

190 1465 322 1479 .....
346 1419 416 1479 tum
440 1417 479 1479 ex
503 1438 578 1480 aure
602 1416 670 1480 eius
694 1415 900 1503 stalagmium
927 1422 930 1428 ’

188 1520 287 1585 Domi
308 1519 422 1586 habeo,
821 1508 822 1512 Ἰ

258 1641 359 1696 Festus
377 1660 404 1712 p.
424 1648 475 1697 31⁷
494 1642 531 1697 M.
554 1643 790 1713 ‘stalagmium
812 1661 901 1714 genus
923 1643 1065 1697 inaurium
1088 1643 1203 1698 uidetur

189 1712 348 1784 significare
362 1713 500 1768 Caecilius
518 1713 549 1768 in
566 1713 705 1784 Karine,
726 1731 799 1768 cum
817 1715 881 1772 ait:
900 1716 987 1768 tum’
1007 1731 1030 1770 e.
1042 1733 1068 1784 q.
1079 1733 1100 1770 s.
1124 1715 1200 1785 (lla-

188 1784 262 1838 rine
290 1801 363 1838 cum
390 1783 513 1840 sitium
536 1785 609 1855 cod.)
644 1785 749 1839 Paulus
772 1804 798 1855 p.
814 1791 866 1841 316
884 1786 923 1840 Μ.
962 1785 1201 1856 ‘stalagmium

138 1875 140 1880 ·
188 1871 277 1926 genus
296 1855 453 1910 ornamenti
471 1855 590 1910 aurium.
627 1855 778 1912 Caecilius:
798 1873 832 1911 ex
851 1859 929 1912 aure’
950 1874 972 1912 e.
992 1875 1018 1926 q.
1039 1875 1060 1912 s.

671 2025 718 2083 HI

158 2231 160 2238 Ι
187 2142 284 2208 Modo
308 2142 350 2209 fit
372 2143 551 2228 obseque'ns
573 2142 697 2207 hilarus
719 2144 820 2208 c6mis

189 2249 375 2316 Communis
398 2249 578 2335 concerdis,
602 2249 678 2314 dum
700 2249 734 2314 id
756 2249 843 2334 qued
864 2251 948 2334 petit
968 2251 1102 2334 potitur.

258 2388 418 2444 Priscianus
445 2408 472 2460 p.
494 2395 544 2444 716
572 2389 601 2444 P.
632 2391 788 2444 ‘concors
817 2389 971 2444 concordis.
1008 2389 1200 2459 antiquissimi

187 2464 283 2522 tamen
302 2461 432 2515 solebant
449 2460 582 2531 genetiuo
601 2459 722 2515 similem
739 2461 863 2530 proferre
876 2459 907 2514 in
919 2461 965 2515 his
982 2461 1198 2519 nominatiuum.

188 2531 326 2588 Caecilius
349 2532 380 2585 in
403 2531 556 2594 Cratino:
580 2531 675 2586 modo’
696 2547 719 2587 e.
739 2549 765 2600 q.
786 2549 807 2586 s.
907 2532 1069 2600 (crastino
1087 2532 1197 2589 Amien.

187 2604 342 2658 erastino
362 2604 446 2673 Saug.
466 2603 587 2659 Garine
605 2602 763 2660 Meinekius
781 2602 800 2659 l.
819 2602 838 2658 l.
857 2619 884 2673 p.
904 2607 949 2674 91)

259 2735 273 2783 1
292 2747 330 2800 sq.
348 2743 475 2784 amaros
492 2728 632 2798 dempsit
650 2727 810 2799 Speuyelim
862 2726 970 2800 hilarus
984 2727 1075 2798 Bone.
1089 2727 1199 2798 Remu,

186 2856 241 2909 duo
255 2853 367 2908 Mmmc.
382 2851 490 2918 hilarus
504 2851 590 2908 Hazb.
605 2812 705 2917 hilaill
715 2855 744 2924 (u
756 2870 791 2906 m.
801 2853 861 2922 alt.)
875 2852 962 2908 Burb.
976 2851 1064 2905 ilarus
1080 2851 1198 2908 Caralis.

184 2924 289 2979 hilares
310 2924 390 2980 Grai.
409 2923 508 2978 hilaris
526 2925 594 2997 Rea
613 2924 720 2980 Amica.
741 2923 823 2995 Saay.
843 2923 928 2978 Haza.
946 2941 981 2977 m.
1002 2929 1017 2976 2
1103 2939 1198 2977 cemes

187 3031 268 3087 (irat.
289 3030 404 3088 Omolir.
423 3049 458 3086 m.
478 3036 492 3084 1
512 3030 599 3086 Barb.
725 3035 741 3083 ‘l
761 3008 914 3084 comminuis
933 3031 961 3098 (v
978 3046 1014 3084 m.
1032 3030 1092 3098 alt.)
1111 3028 1197 3101 Sana.

185 3104 342 3175 Lcyebatur
360 3101 538 3171 commoenia
556 3109 588 3157 ut
605 3103 714 3157 affletur
785 3101 903 3172 Excipit
920 3101 1094 3156 bacclianum
1111 3102 1197 3156 dime-

184 3181 258 3230 trum
276 3175 403 3230 clausula
419 3175 551 3242 iambica,
579 3175 651 3249 quoii
669 3177 783 3241 propter
801 3172 1073 3228 GFWMueuaun
1084 3174 1196 3240 proma.

185 3247 280 3301 Plaat.
301 3251 350 3300 131
368 3246 533 3300 monendum
550 3251 589 3298 est

584 3413 792 3472 MERETRIX

256 3531 296 3588 cf.
315 3532 438 3586 Hetaera
456 3528 573 3601 Turpili‚
591 3527 728 3600 Pomponi
745 3528 943 3585 Prostibulum.
