2668 3904
585 149 721 218 Novlvs

579 335 734 394 SVRDVS

829 419 921 484 filias

148 523 290 608 <Binas>
312 524 416 590 habeo
439 527 644 610 temulentae,
667 527 723 590 se‘d
746 548 835 591 eooas
857 527 952 614 uideo
975 526 1130 590 inoedere.
1181 543 1214 591 85

220 645 319 700 Festus
337 665 364 716 p.
380 652 432 700 364
450 648 488 701 Μ.
510 648 682 701 ‘iemetum
701 647 799 702 uinum
817 681 851 714 -τ
866 680 901 688 -
919 647 1028 701 Nouius
1046 647 1076 700 in
1094 649 1162 702 duo-

149 716 353 857 Elispzssgniss
373 751 407 758 -
425 717 501 772 idem
519 718 549 772 in
565 719 672 772 Funere
690 751 726 759 —
745 722 774 774 el
791 719 832 772 in'
849 719 942 789 (‘sine'
959 719 1031 787 ood.)
1048 719 1161 779 ‘Surda

222 902 244 948 1.
266 901 281 949 2
300 895 377 949 filias
398 896 443 950 alo
462 897 631 951 temulentas
650 897 713 951 Bao

527 1100 786 1159 TABELLARIA

221 1213 346 1268 Naeuii
364 1215 484 1270 fortasse
501 1216 564 1272 fuit.
780 1215 786 1229 '

650 1386 665 1444 I

152 1483 214 1560 Qui
236 1483 334 1548 habel
357 1507 490 1550 uxorem
513 1485 582 1550 sine
606 1487 688 1572 dote,
711 1487 784 1570 (ei)
806 1487 948 1570 pannum
967 1485 1111 1570 positum
1129 1485 1163 1548 in

558 1594 559 1598 ’
897 1596 1039 1677 purpura
1062 1595 1119 1656 esi.

223 1712 331 1766 Nonius
351 1718 411 1782 218,
432 1719 465 1766 22
487 1715 632 1782 ‘pannus
656 1732 708 1768 usu
731 1713 841 1784 generis
863 1713 1019 1768 masculini.
1057 1711 1165 1767 Neutro

153 1783 263 1838 Nouius
282 1783 456 1840 Tabellaria:
476 1784 535 1853 qui’
552 1802 574 1840 e.
591 1804 616 1855 q.
632 1803 652 1840 s.
673 1785 804 1856 (neuius
822 1784 920 1838 Vrbin.
936 1787 997 1853 308)

153 1965 166 2016 t
223 1891 413 2016 ligea-plumat
432 1893 481 1960 qui
498 1891 586 1946 habeo
603 1893 718 1946 uxorem
735 1893 855 1947 trochaei
924 1890 1061 1962 positum]
1081 1906 1164 1958 opsu·

167 1981 214 2016 um
261 1980 294 2016 uo

519 2075 524 2085 “
639 2077 670 2134 ΙΙ

136 2253 138 2258 ,
154 2228 373 2241 .....
421 2178 528 2242 dotem
552 2178 592 2241 ad
614 2199 673 2242 nos
695 2179 817 2242 nullam
841 2177 960 2242 ailulas

224 2299 373 2352 Diomedes
391 2316 419 2367 p.
435 2305 486 2352 376
505 2299 534 2353 P.
556 2300 738 2367 ‘quamquam
756 2303 785 2354 et
803 2299 833 2352 id
853 2298 1009 2368 perfeoium
1027 2297 1103 2366 quod
1121 2299 1166 2351 esi

154 2369 239 2424 albuli
262 2387 296 2423 ex
320 2369 376 2423 alio
400 2370 486 2423 uerbo
510 2369 649 2438 proficisci
666 2370 819 2440 reperimus
838 2370 914 2438 apud
933 2372 1055 2437 neaerae,
1080 2385 1114 2422 ex
1132 2385 1165 2422 eo

154 2441 230 2508 quod
249 2444 292 2494 esi
313 2439 425 2494 attollo’
446 2440 570 2511 (attulo
589 2441 675 2495 Paris.
690 2442 713 2495 B
728 2461 764 2496 m.
780 2447 804 2510 2,
823 2440 996 2510 Pulsohius),
1017 2441 1060 2493 ‘ut
1078 2439 1166 2494 Nae-

153 2511 230 2565 uius
249 2511 278 2565 in
297 2511 472 2566 Tabellaria:
495 2512 600 2565 dotem’
621 2528 644 2566 e.
659 2529 684 2580 q.
701 2531 720 2567 s.
741 2511 872 2583 (neuius
891 2512 1006 2567 Monao.'
1020 2509 1166 2564 naeuius

154 2585 230 2638 Pam.
245 2584 297 2636 AB
315 2582 447 2637 Nouius
466 2582 595 2652 Bothius)

227 2688 331 2742 situlas
351 2689 417 2744 Por.
433 2691 460 2742 B
479 2690 591 2744 Mosae.
616 2689 731 2744 attollas
751 2691 817 2746 Por.
836 2691 864 2744 A
887 2690 1003 2745 attollat
1025 2691 1084 2744 edd.
1104 2695 1165 2744 oett.

154 2760 262 2814 attulai
280 2761 427 2815 Potachius

545 2909 779 2970 TOGVLARIA

225 3027 267 3081 De
284 3025 377 3080 Novio
396 3025 510 3080 dubitas
528 3025 710 3080 Woelfflinus
729 3045 799 3082 mus.
814 3025 903 3082 Rhen.
918 3033 960 3096 43,
976 3032 1036 3080 308.

158 3153 292 3219 Abunde
311 3153 478 3218 deturbate
498 3176 582 3238 saxa,
600 3153 777 3218 homonum
796 3154 1001 3238 quisquiliae!
1021 3190 1063 3199 -
1083 3151 1167 3229 Quid

900 3261 971 3325 est?

227 3382 326 3436 Festus
349 3401 376 3452 p.
391 3387 442 3436 257
465 3382 502 3435 M.
529 3379 754 3448 ‘quisquiliae
783 3381 839 3435 dioi
865 3383 1002 3451 pulsantur
1029 3379 1167 3449 quidquid

157 3471 191 3508 ex
206 3453 353 3508 arbon'bus
371 3451 488 3506 minutis
507 3451 680 3506 surculorum
698 3451 866 3508 foliorumue
885 3453 970 3523 eadit,
989 3453 1068 3508 uelut
1086 3451 1168 3520 quid-

156 3524 326 3594 quideadiae
346 3555 380 3565 -
398 3523 507 3577 Nouius
526 3522 556 3576 in
575 3523 738 3593 Togulaiia:
759 3523 818 3578 abi'
835 3541 857 3580 e.
873 3543 899 3594 q.
915 3543 936 3585 s.
