2686 3910
467 125 634 182 CAECILIV
634 126 655 180 S
672 125 822 181 STA'I‘IVS

581 293 707 352 XXXVI

136 397 311 462 Leontium

209 517 352 572 Charisius
365 535 393 587 p.
403 523 438 571 80
447 517 477 570 P.
496 515 644 570 ‘Leontion
662 519 692 570 et
709 515 826 570 Crusion
844 519 874 570 et
891 516 1011 571 Panion’
1033 517 1149 586 (Chry-

136 590 214 644 sion
232 588 399 658 Spengelius
417 587 600 657 thyrusion
618 590 652 641 et
671 586 815 641 fannion
833 587 895 641 Nea
916 631 922 640 .
940 588 1102 643 thrusion
1119 591 1149 642 et

134 659 290 731 paunion
313 663 445 728 excerpta
465 659 540 727 Par.)
567 660 613 712 ‘ex
634 657 741 712 neutris
760 657 874 713 Graecis
892 605 1029 714 liminina
1046 659 1147 714 nostri'

136 731 189 802 (sic
210 730 320 785 Keilius
344 731 476 785 ‘neutra’
499 730 601 798 Neap.)
629 729 729 784 ‘fecere
747 747 765 785 s
783 733 813 784 et
835 729 953 784 Plautus
976 731 1053 798 quod
1075 731 1150 785 dixit

135 805 208 857 haec
226 801 418 870 Phronesium,
437 805 467 856 et
484 799 622 856 Caecilius
640 799 835 855 Leontium'
855 801 948 870 (hacc
966 799 1148 856 Leontium

135 872 302 943 Fabricius).
340 873 506 942 Chrysion
532 871 632 926 fabula
656 871 834 939 chiliana3
864 871 971 926 Φάνιον
998 873 1148 927 Menandri

136 944 292 1012 comoedia,
311 943 477 998 Phanium
493 943 525 997 in
538 942 662 997 Terentii
675 943 842 998 Phormione
856 961 882 998 v.
897 949 957 998 201.
968 949 1020 998 218
1035 944 1148 1013 legitur.

573 1129 714 1188 XXXVII

229 1248 386 1314 Horatius
408 1271 435 1313 a
457 1272 488 1333 p.
513 1247 576 1313 238
601 1248 650 1312 ‘ut
676 1245 760 1312 nihil
781 1247 909 1312 intersit
931 1245 1083 1313 Dauusne
1105 1245 1151 1312 lo

138 1358 259 1440 quatur
272 1359 306 1419 et
323 1354 445 1418 audax
462 1353 624 1438 Pythias
642 1358 816 1419 emuncto
835 1355 984 1419 lucrata
999 1353 1152 1420 Simone

138 1461 343 1545 talentum,
366 1459 419 1524 An
442 1464 550 1525 custos
572 1459 774 1544 famulusque
793 1455 990 1527 dai‘Silenus
1008 1459 1152 1524 alumni?

140 1568 264 1634 Comm.
289 1566 385 1652 Cruq.
408 1569 443 1631 in
464 1567 524 1631 l.l
551 1565 733 1650 ‘Pythias
757 1589 924 1653 persona
947 1569 1092 1632 comica
1114 1568 1153 1632 in

138 1673 336 1739 comoedia
361 1673 522 1738 Lucilii'
550 1671 664 1760 (immo
693 1672 873 1761 Caecilii)
901 1674 1014 1759 ‘quae
1046 1673 1154 1738 indu-

140 1782 244 1845 citur
265 1803 332 1864 per
354 1781 520 1846 astutias
543 1781 716 1864 accipere
739 1785 940 1868 argentum
960 1804 979 1845 a
997 1778 1153 1847 Simone

139 1887 293 1952 domino
316 1909 384 1952 suo
406 1888 446 1951 in
469 1887 595 1952 dotem
616 1887 747 1953 filiae?

211 2007 252 2063 Cf.
266 2007 455 2064 Pseudoacro:
476 2009 544 2062 ‘non
560 2007 630 2062 dicit
644 2009 679 2062 de
692 2007 796 2078 Pythia
809 2010 988 2078 Terentiana,
1009 2009 1059 2063 sed
1077 2023 1150 2078 quae

139 2079 216 2149 apud
238 2078 409 2132 Lucilium
432 2079 778 2150 comoediographum
799 2081 954 2136 inducItur'
984 2080 1034 2150 (sic
1053 2081 1152 2151 Pary

137 2149 315 2204 lucillium
342 2150 529 2220 satyricum
556 2149 734 2205 inducitur
761 2152 804 2208 ed.
823 2153 902 2207 Rom.
923 2169 947 2206 a.
968 2157 1038 2206 1474
1063 2151 1154 2205 luci-

137 2221 222 2275 lium
254 2220 433 2275 inducitur
464 2222 817 2293 tragoediographnm
848 2224 921 2292 rell.)
954 2222 1070 2277 ‘ancilla
1101 2238 1151 2292 per

138 2292 261 2347 astutias
285 2292 412 2362 accipere
436 2296 584 2362 argentum
603 2311 620 2347 a
639 2293 760 2350 domino.
797 2312 864 2349 nam
885 2293 988 2349 fefellit
1007 2293 1152 2348 dominum

138 2367 169 2418 et
197 2362 308 2432 accepit
335 2363 371 2417 ab
399 2379 433 2417 eo
461 2363 571 2433 argenti
598 2364 750 2422 talentum:
778 2365 834 2420 fuit
861 2365 936 2420 enim
958 2365 1029 2419 haec
1052 2364 1152 2418 eadem

137 2433 318 2490 meretricula
341 2451 442 2504 rapax,
464 2437 498 2488 ut
520 2434 618 2503 Thais,
645 2453 718 2504 quae
740 2437 848 2491 lucrum
874 2436 965 2491 fecii!
1004 2434 1153 2490 Caecilii

137 2521 242 2560 nomen
268 2504 474 2560 restituendum
501 2521 561 2559 esse
584 2509 659 2561 recte
681 2507 791 2563 monuit
814 2507 947 2574 Orellius,
976 2509 1083 2561 certam
1106 2523 1152 2560 co-

137 2575 291 2702 ilrjrltlilediaugi6
311 2576 461 2631 Horatium
497 2576 613 2632 innuere
644 2578 715 2633 miro
747 2579 852 2634 iudicio
888 2580 975 2648 negat
1007 2576 1152 2631 Dieterich

195 2665 218 2702 c.
294 2691 300 2701 .

572 2781 728 2840 XXXVIII

140 2882 269 2969 gnoscit

140 3073 172 3128 Μ
212 3001 362 3144 Βίῗωθᾱθε
386 3021 413 3072 p.
434 3009 485 3058 378
503 3003 533 3058 P.
555 3003 707 3074 ‘gnoscit
730 3004 771 3058 ait
791 3003 950 3062 Caecilius!
984 3001 1154 3074 (ignoscit

172 3091 251 3129 onae.

140 3308 324 3373 faciliorem.
370 3309 564 3372 sanctiorem.

213 3429 356 3484 Charisius
374 3448 401 3499 p.
418 3435 469 3483 104
483 3429 512 3484 P.
534 3429 743 3486 ‘facilioreis
763 3430 909 3501 Caecilius,
928 3431 1022 3501 inquit
1036 3430 1153 3499 Plinius,

139 3500 218 3554 idem
236 3503 266 3554 et
285 3500 495 3555 sanctioreis
515 3500 575 3556 ait’
