2668 3904
193 180 259 245 320
629 179 764 235 NOVIVS

684 366 715 425 H

193 465 306 532 'Instat
327 471 552 532 mercaturam:
576 489 668 552 spero
692 469 760 532 re‘m
783 466 891 532 faeiat:
915 467 1002 554 frugi
1025 468 1074 532 est
1095 468 1207 534 homa.

264 597 372 652 Nonius
392 604 452 667 212,
472 604 506 652 30
526 599 730 652 ‘mercatura
753 596 882 652 feminini
900 642 907 652 .
922 641 928 652 .
945 641 951 651 .
970 596 1079 652 Nouius
1101 597 1132 652 in
1150 599 1206 652 IIi-

194 668 292 723 litibus
310 668 567 724 Pomeiinensibus:
586 668 704 723 iustant’
721 685 744 724 e.
759 686 785 738 q.
802 687 822 723 s.

264 783 354 838 instat
372 786 438 840 Pae.
457 785 492 854 Q,
511 784 633 856 Samiam
655 783 763 838 instant
781 804 802 838 ω
879 783 937 838 ista
954 787 1113 840 mercatura
1129 802 1151 839 x

194 871 274 926 spero
292 872 352 910 rem
369 857 401 910 E
406 856 500 910 F³H¹
518 871 644 924 perorem
662 856 702 910 L¹
720 854 857 924 perierem
874 855 964 910 ΠΨ
980 855 1104 926 peiorem
1119 857 1212 912 F¹W

674 1023 722 1082 III

193 1125 242 1189 Tu
260 1126 352 1210 pueri
370 1124 505 1209 pausilli
523 1124 627 1189 simile
646 1145 692 1209 es,
716 1123 792 1208 quia
810 1125 896 1189 enim
914 1124 956 1188 sd
973 1147 1009 1190 os
1031 1125 1096 1190 fers
1117 1125 1205 1210 quie-

830 1231 909 1315 quid
930 1231 1083 1296 naneiu's.

264 1352 372 1407 Nonius
393 1358 452 1422 224,
472 1359 506 1407 28
527 1351 652 1406 ‘simile
676 1355 728 1406 est
750 1369 799 1422 pro
824 1351 924 1406 similis
943 1355 998 1422 est,
1022 1370 1073 1422 pro
1093 1369 1204 1408 mascu-

194 1423 253 1477 lino
287 1423 411 1492 positum
445 1426 575 1477 neutrum
607 1422 728 1477 Tilinius
760 1422 925 1478 Fullonibus
959 1424 1046 1496 [XIII]
1077 1424 1204 1478 Naeuius

195 1494 375 1563 Gymnaslieo
404 1495 492 1567 [VIII]
520 1493 628 1548 Nouius
655 1493 686 1548 in
713 1493 852 1548 Militibus
875 1494 1130 1550 Pometinensibus:
1159 1497 1202 1549 iu'

195 1582 218 1620 e.
233 1583 260 1633 q.
275 1583 296 1619 s.

265 1670 356 1725 simile
373 1675 416 1726 est
430 1693 465 1728 a:
484 1674 519 1740 ef.
534 1672 590 1726 Leo
604 1672 649 1726 Pe.
665 1671 700 1725 F.
715 1677 767 1725 258
786 1671 877 1726 simile
895 1687 925 1726 es
939 1673 1078 1727 Bemmae
1095 1671 1204 1726 simili's

194 1743 360 1798 Ritsehele'as
378 1761 467 1812 opusc.
486 1745 526 1798 II
544 1747 609 1811 616,
634 1745 681 1798 sed
701 1745 774 1798 idem
797 1742 931 1812 similes,
958 1745 1029 1813 qaod
1050 1760 1204 1812 posueram,

190 1816 327 1884 probabat
346 1832 375 1884 p.
391 1820 442 1868 617
513 1813 643 1868 nanalu's
661 1816 760 1883 sampsi
781 1817 901 1882 nanctus
920 1817 964 1868 est
981 1814 1022 1868 L¹
1044 1817 1144 1868 noetus
1163 1818 1207 1868 est

196 1885 241 2009 ff
268 1887 352 2010 {utus
378 1888 420 1939 esi
448 1887 484 1940 W
509 1887 609 1940 nactus
636 1888 679 1940 est
705 1907 727 1956 φ
754 1887 854 1940 nucius
880 1901 909 1938 es
936 1886 977 1940 ea.
999 1890 1068 1940 1526
1096 1885 1205 1939 nnetu's

232 1973 272 2010 em
289 1973 334 2010 ms

414 2123 562 2183 MORTIS
585 2125 637 2184 ΕΤ
660 2125 782 2184 VITAE
805 2123 993 2184 IVDICIVM

194 2240 361 2306 manabis
384 2243 507 2307 oti6sus
529 2265 614 2328 sum,
636 2247 674 2308 ut
696 2243 741 2308 mi
764 2243 878 2330 algebo
902 2249 934 2308 et
955 2243 1002 2308 mi
1025 2243 1169 2310 esun'bo.

264 2371 375 2427 Nonius
392 2379 452 2443 479,
473 2379 488 2427 'l
509 2372 657 2428 ‘esuribo
679 2390 730 2444 pro
754 2372 875 2428 esurium
973 2372 1081 2428 Nouius
1103 2374 1204 2428 Mortis

195 2446 224 2498 ei
242 2443 319 2498 uitae
337 2443 455 2500 iudicio:
476 2443 529 2498 ite’
546 2461 568 2500 e.
584 2462 611 2513 q.
626 2463 647 2499 s.

266 2562 298 2614 ui
316 2560 418 2628 Palea,
437 2577 524 2629 amq>
589 2559 660 2614 mihi
678 2562 739 2632 (bie)
757 2582 779 2615 ω
842 2563 912 2628 ela
935 2563 968 2614 ut
986 2560 1078 2622 Palm.
1142 2577 1205 2614 esu·

194 2631 256 2686 ribo
276 2632 368 2686 Palat.
388 2630 499 2684 seruibo
518 2652 540 2700 φ

642 2807 761 2868 OPTIO

142 2943 204 2995 6415
219 2925 285 3004 Qus
313 2949 364 2991 me
396 2928 549 2992 miserum
580 2927 779 2992 miseriorem
808 2927 947 2992 reddidie
977 2951 1072 3013 quam
1102 2929 1206 3012 pinus

832 3057 975 3120 puerum.

201 3170 204 3175 ’
265 3155 373 3210 Nonius
398 3162 462 3225 149,
482 3161 514 3210 2⁷
541 3156 662 3226 ‘panus
687 3198 781 3212 .....
805 3158 898 3210 tumor
920 3173 1031 3226 quoque
1056 3155 1206 3227 inguinum

195 3243 230 3282 ex
252 3226 358 3281 formae
382 3226 566 3281 similitudine
587 3226 628 3281 sie
645 3229 764 3282 uocatur
783 3271 789 3282 .
805 3271 810 3281 .
828 3271 833 3281 .
852 3226 960 3280 Nouius
980 3227 1114 3296 Options:
1138 3229 1204 3296 qui'

195 3315 218 3353 e.
234 3315 260 3367 q.
276 3316 296 3352 s.
318 3299 404 3366 ‘quod
422 3297 502 3368 pueri
520 3297 631 3369 aegrius
649 3299 796 3369 patiantur
814 3298 867 3352 hoe
885 3314 974 3368 genus
992 3298 1102 3354 morbi.’

269 3414 444 3470 Octomam'mm
462 3417 573 3485 aumevit
591 3415 664 3469 Bae:
687 3416 857 3469 semanimem
874 3415 967 3481 frasta
984 3416 1049 3469 ole'm
1067 3416 1203 3483 dederam,

194 3501 208 3538 e
231 3487 329 3553 quibas
351 3487 472 3555 priorem
493 3486 534 3539 ael
558 3485 607 3553 qui
629 3487 674 3539 me
699 3485 861 3539 miserulum
883 3486 924 3540 ael
949 3484 1135 3554 quiquidem
1158 3503 1204 3541 me

195 3554 327 3610 miserum
345 3559 485 3612 scabendo
502 3557 625 3625 supplere·
638 3573 716 3625 posse
734 3559 884 3612 statuebam
955 3573 1000 3610 me
1018 3574 1069 3612 mm.
1085 3557 1126 3611 ΕΙ
