2686 3910
475 127 659 196 caacnsvs
679 127 829 186 STATIVS
1114 135 1156 199 83
1174 215 1177 222 Ι

218 285 337 340 asticam
350 287 485 358 Beryttus
498 305 587 358 opusc.
602 289 616 342 Ι
629 295 682 342 394
696 289 815 343 atticam
834 311 855 344 ω
906 290 962 346 ista
976 292 1083 348 AG’P
1098 294 1155 364 isti,

142 374 218 427 supr.
234 374 260 427 a,
276 357 310 412 H
351 359 554 430 tuaBerqtius,
569 375 618 414 om.
634 381 655 414 ω
700 360 807 415 rustica
822 362 892 416 dura
907 365 959 432 (cel
972 367 1057 434 uana)
1071 365 1155 436 Spera

142 430 238 500 yellus.
270 428 432 485 &maius
444 431 577 486 iambicus
591 447 663 500 egon
677 433 767 485 uitam
783 477 824 488 ...
839 433 953 504 rustica,
969 434 1039 505 Syra
1048 437 1156 506 placuit

145 499 370 556 CFWMucltcro

143 679 208 744 Pe'r
240 681 393 764 mysteria
423 680 477 746 hic
509 681 676 747 inhoneste
712 682 935 770 (honestam)
972 687 1156 772 grauidauit

728 789 858 875 probro.

196 900 325 998 ’Nonius
340 905 400 970 118,
416 905 447 954 11
470 901 698 972 ‘grauidauit,
716 901 855 972 impleuit.
890 902 1027 958 Caecilius
1047 905 1154 961 Titte:

141 987 193 1041 per
225 987 248 1026 e.
268 989 294 1040 q.
314 989 334 1025 s.

215 1068 364 1123 inhonesto
381 1071 486 1125 mavult
503 1069 565 1126 Boe
652 1069 801 1124 honestam
820 1072 952 1140 Bottius,
970 1089 1020 1128 orn.
1040 1093 1070 1141 ω,
1089 1091 1154 1143 quos

142 1142 192 1210 qai
209 1142 286 1210 sequi
303 1141 384 1196 molet
402 1142 524 1210 primiore
542 1141 638 1211 pedem
659 1143 789 1197 excidisse
811 1149 913 1199 mutuet
934 1143 1041 1198 inceste
1064 1162 1084 1200 c

141 1211 232 1280 probo
252 1210 347 1266 H'W
625 1291 670 1348 Ν

728 1379 824 1460 atque
846 1375 953 1440 he'rcle

140 1479 304 1564 Vtrisque
327 1482 373 1564 te,
396 1500 468 1543 cum
492 1480 532 1543 ad
553 1481 613 1544 nos
634 1481 739 1567 uenis,
762 1481 1013 1547 subfarcinatam
1036 1483 1112 1548 uidi.
1154 1504 1206 1552 225

213 1601 323 1656 Nonius
343 1606 401 1669 183,
421 1607 454 1655 25
480 1602 659 1670 ‘utrasque
681 1619 732 1671 pro
756 1602 897 1672 utrimque
920 1603 967 1658 uel
992 1605 1150 1674 utrobique.

140 1671 264 1726 Hemina
294 1671 481 1727 Historiarum
512 1671 561 1726 lib.
587 1673 637 1728 IV:
674 1676 704 1726 in
735 1673 875 1744 Hispania
905 1677 1062 1744 pugnatum
1094 1675 1151 1733 bis:

140 1746 307 1812 utrasque
329 1743 419 1798 nostri
441 1743 504 1798 loco
522 1743 599 1798 moti.
638 1743 780 1799 anleus
800 1744 897 1801 Tihe:
922 1748 1017 1814 atque’
1039 1763 1062 1802 e.
1082 1765 1108 1816 q.
1129 1765 1149 1802 s.

141 1814 182 1870 ef.
200 1813 396 1869 Lachmnnus
414 1815 493 1868 Lucr.
519 1820 570 1869 104
588 1815 646 1869 Bue
665 1816 715 1871 lat.
730 1816 800 1870 decl.
819 1835 846 1885 p.
862 1821 895 1869 32
915 1819 944 1870 et
962 1833 1025 1873 ann.
1040 1818 1150 1888 philoll.

141 1891 212 1942 1867
230 1904 257 1955 p.
277 1891 319 1940 68.
379 1885 561 1956 (Caecilius
580 1885 697 1942 Titthe
715 1887 867 1958 Mercerus)

214 1995 277 2046 tte
296 1993 437 2048 Mercerus
456 1994 485 2046 et
502 2013 524 2046 ω
588 1991 797 2048 suffarcinatam
816 1993 956 2050 Mercerus
975 1995 1150 2066 substagina-

139 2066 200 2118 tam
219 2083 241 2116 ω
314 2063 490 2120 senariorum
507 2065 599 2131 frusta
618 2065 702 2132 atque
722 2107 772 2120 ...
791 2064 871 2119 uenis
888 2067 892 2136 Ι
908 2083 929 2120 s.
949 2083 975 2120 u.
991 2069 1113 2136 praefert
1131 2085 1151 2122 a

632 2197 660 2252 V

644 2296 728 2382 [ubi]
753 2297 950 2362 adiacentem
973 2298 1149 2383 compitum

212 2407 425 2477 Nonius196‚9
446 2409 612 2479 ‘compita
632 2453 703 2464 ....
722 2409 878 2465 masculino
897 2411 986 2465 Varro
1005 2411 1040 2465 dc
1059 2411 1148 2466 sceni-

139 2479 360 2606 erlql'sfflqriginlilius
383 2479 431 2577 lib'.
451 2480 501 2536 111:
529 2480 587 2534 ubi
613 2480 750 2550 compitus
774 2484 836 2535 erat
859 2481 970 2550 aliquis.
1008 2481 1147 2537 Caecilius

222 2567 250 2607 e:
268 2568 288 2604 u
316 2568 370 2605 la.
390 2568 412 2605 c.

211 2648 262 2704 ubi
279 2666 314 2705 cx
332 2648 463 2704 Varronis
481 2650 536 2704 loco
555 2651 603 2704 int.
622 2651 676 2704 oid.
696 2649 744 2704 abi
766 2652 795 2719 (s.
816 2649 875 2719 adi)
895 2650 931 2703 ad
950 2653 980 2720 (s.
1000 2649 1040 2721 in)
1059 2653 1147 2707 conie-

139 2727 236 2776 cerunt
307 2719 483 2774 adiacentem
502 2719 647 2776 Frutcrtus
666 2720 836 2776 adicientem
854 2742 875 2775 ω

622 2852 667 2910 VI

141 3005 147 3017 .
171 3003 178 3018 .
203 3004 209 3017 .
234 3004 240 3016 .
264 2952 317 3016 hic
341 2952 416 3017 dum
439 2953 520 3038 abit,
543 2953 606 3018 huc
629 2955 821 3020 concessero.

210 3072 319 3128 Nonius
339 3079 398 3144 270,
416 3081 431 3128 6
453 3075 667 3145 ‘concedere‚
686 3077 815 3131 recedere
834 3077 880 3132 uel
900 3077 998 3132 cedere
1013 3121 1018 3133 .
1036 3122 1041 3133 .
1057 3120 1063 3132 .
1079 3076 1147 3132 Gae-

140 3144 222 3199 cilius
241 3143 339 3201 Titne:
357 3144 414 3199 hic’
435 3162 457 3201 e.
477 3164 503 3215 q.
524 3164 544 3202 a.

529 3278 739 3340 TRIVMPHV
740 3281 759 3340 S

634 3386 650 3444 I

140 3483 305 3550 Hierocles
327 3483 442 3570 hospes
465 3487 513 3551 est
535 3487 581 3552 mi
604 3487 787 3552 adulescens
810 3488 980 3574 adprobus.

894 3593 897 3600 .
950 3594 985 3647 6,
