2668 3904
197 177 261 254 342
522 187 880 244 uuourvsmuarvs

267 347 375 403 Gellius
398 347 464 402 XVI
486 353 511 417 7,
530 352 547 401 8
571 347 721 402 ‘Laberius
743 346 774 400 iu
796 345 901 417 mimis,
929 364 999 416 quos
1022 347 1208 417 seriptitauit,

198 418 300 489 oppido
324 436 410 488 quam
432 419 519 473 uerba
542 418 623 472 finxit
644 418 898 488 praelicenter...
918 418 986 472 item
1006 417 1036 472 in
1054 418 1207 473 Cacomne-

196 507 290 546 mone:
314 489 361 544 hio
384 492 440 559 est,
463 489 568 558 inquit,
591 489 655 543 ille'
676 506 699 544 e.
719 507 745 558 q.
765 507 786 544 s.
824 487 864 544 cf.
884 488 1073 554 Quintilianus
1091 490 1105 543 I
1125 497 1150 559 5,
1170 496 1206 544 57

197 561 346 642 ‘gurd0s‚
370 578 439 629 quos
461 577 511 630 pro
535 560 646 614 stolidis
670 559 774 630 aooipit
796 560 911 630 uulgus,
935 577 969 614 ex
991 559 1129 630 Hispania
1153 561 1206 614 du-

195 649 268 686 xisse
287 649 303 686 o
321 631 327 642 '
351 631 357 642 '
380 648 425 686 em
442 631 559 686 audiui’
593 631 657 686 cel.
672 631 711 686 IV
725 637 759 686 84
774 630 806 686 G.
825 632 948 701 ‘gurdus
966 631 1078 702 ineptus
1097 631 1144 686 uel
1161 631 1207 685 in-

195 702 293 757 utilis?
349 702 430 757 oswii
448 703 543 758 Prodr.
558 707 606 758 82:
627 703 745 772 ‘brutus
763 702 888 772 gurdus’.

267 816 281 864 1
302 811 430 866 Fortasse
447 808 494 862 hio
511 808 561 862 ssle
579 811 623 863 est
682 824 792 864 menses
811 808 881 864 duos
900 809 1019 865 Bottias
1037 809 1107 864 duos
1125 826 1205 864 men-

196 897 239 935 ses
254 903 275 936 ω
339 887 355 935 a
374 879 572 935 aduenientem
585 881 626 934 vel
641 880 696 934 huo
710 879 870 934 uenientem
883 883 986 936 11111111
998 880 1159 936 uenientem
1172 901 1205 951 ω,

195 955 267 1023 qaod
283 953 409 1008 amabat
427 950 618 1006 Floetesbeaua
635 968 762 1007 nameus
778 953 929 1007 bocbaiooa
946 953 1091 1022 disponeres

614 1134 785 1196 cauom

145 1255 290 1336 assNon
311 1255 466 1321 intellexi.
490 1294 531 1302 —
555 1253 727 1339 <credidi>
749 1258 781 1318 te
804 1254 1007 1321 Mauricatim
1030 1255 1119 1322 seire.

266 1377 408 1432 Charisius
425 1396 452 1448 p.
464 1383 516 1431 184
534 1378 564 1431 P.
585 1373 814 1430 ‘maurioatim
831 1375 965 1429 Laberius
984 1375 1014 1430 in
1031 1375 1203 1434 anoulis:

195 1449 262 1502 non'
283 1465 305 1503 e.
321 1466 347 1516 q.
363 1467 383 1504 s.
420 1449 529 1503 Nomen
551 1446 666 1502 fabulae
690 1445 847 1502 Gaetulis
870 1446 962 1502 voluit
984 1464 1044 1502 osse
1068 1449 1206 1518 Bergkius

196 1535 289 1588 opusc.
303 1519 329 1572 Π
344 1525 403 1589 751,
422 1522 520 1574 eontra
537 1517 616 1574 mimi
636 1519 831 1588 argumentum
850 1534 884 1572 ex
902 1517 987 1573 sohol.
1003 1518 1103 1575 Veron.
1118 1519 1203 1591 Verg.

195 1589 326 1644 Aenlffl
343 1595 394 1645 681
413 1590 503 1660 repeti
519 1605 601 1660 posse
619 1591 716 1644 monet
733 1589 801 1644 Bue.

265 1712 323 1750 non
340 1695 467 1750 intellexi
485 1697 632 1752 Panaetius
649 1713 683 1750 ea
701 1696 758 1750 cod.
773 1696 898 1763 Dotatae,
919 1713 968 1752 om.
987 1704 1084 1752 notato
1103 1700 1206 1754 boam

195 1769 237 1822 od,
250 1784 295 1836 pr.
324 1766 408 1822 nint
427 1810 542 1822 ......
571 1768 645 1822 linea
666 1773 787 1822 caeream
810 1769 867 1822 eod.
958 1767 1065 1822 credidi
1087 1770 1206 1826 maenia

196 1838 343 1964 gffim'
365 1855 415 1894 om.
434 1839 491 1894 eod.
531 1839 608 1894 Idea
631 1853 765 1906 personas
786 1838 917 1895 emanat
939 1856 1117 1910 ambosque
1139 1858 1204 1896 oon·

621 2020 780 2082 cluana

197 2141 266 2207 Neo
287 2140 524 2227 Pythagoream
548 2142 698 2228 dogmam
721 2142 833 2206 doetus
877 2193 886 2207 .
932 2194 939 2208 .
985 2195 992 2208 .

266 2261 425 2316 Priscianus
447 2281 474 2332 p.
490 2268 541 2318 679
563 2263 594 2317 P.
623 2265 739 2318 ‘neutra
766 2264 891 2319 eiusdem
917 2263 1141 2320 terminationis’
1166 2269 1205 2336 (a)

198 2333 324 2388 ‘Graeca
335 2336 400 2388 sunt
418 2335 448 2388 et
467 2333 566 2388 addita
582 2333 621 2389 tis
639 2335 749 2389 faoiunt
768 2333 931 2404 genetiuum
951 2377 1000 2390 ...
1020 2336 1090 2390 haee
1108 2339 1205 2391 tamen

197 2403 386 2472 antiquissimi
414 2404 566 2459 seeundum
587 2405 707 2475 primam
735 2405 952 2460 declinationem
974 2423 1058 2476 saepe
1080 2407 1205 2477 protule-

196 2478 262 2529 runt
280 2478 309 2529 et
326 2475 435 2546 generis
454 2475 582 2530 feminini
601 2521 606 2531 .
623 2520 628 2532 .
644 2521 650 2532 .
667 2521 672 2532 .
691 2475 827 2531 Laberius
845 2475 876 2530 in
895 2476 1013 2532 Cancro:
1030 2479 1093 2532 neo’
1110 2495 1133 2533 e.
1144 2497 1170 2547 q.
1182 2497 1204 2533 s.

196 2547 358 2616 Anonymus
381 2546 529 2601 Beruensis
552 2547 582 2600 in
604 2547 715 2618 Hageni
739 2547 875 2602 analectis
893 2547 1047 2602 Helvetiois
1065 2567 1092 2618 p.
1108 2553 1151 2619 98,
1169 2557 1204 2605 33

198 2617 342 2671 ‘Laberius
365 2618 616 2688 Pythagoream
639 2619 794 2692 dogmam
817 2618 937 2673 doctus
960 2636 1011 2689 pro
1031 2619 1133 2690 dogma
1154 2638 1204 2690 po·

197 2687 274 2813 Errfitss
310 2688 388 2812 Iglebm
392 2693 508 2813 1gomma,
527 2695 543 2743 3
564 2689 709 2745 ‘Laberius
727 2706 794 2744 uero
814 2689 898 2746 dixit:
922 2690 951 2744 P.
972 2689 998 2746 d.
1019 2689 1118 2745 doetus
1139 2694 1203 2748 est’

233 2775 306 2813 ,mo
333 2775 378 2813 a.
459 2803 463 2814 .

269 2865 368 2919 doetus
391 2868 435 2919 est
457 2867 768 2936 onoa.Bera.p.109,
791 2869 957 2935 alfortense
980 2867 1094 2922 doetust
1110 2869 1207 2937 faerit,

197 2936 254 2992 aiei
267 2937 359 3006 priato
373 2938 442 3006 pede
459 2955 585 2993 meamea
603 2940 742 2993 aaronem
758 2939 886 2994 habemas

623 3138 778 3199 GAROER

198 3256 305 3320 Homo
336 3256 436 3342 frugi,
468 3257 554 3341 quod
584 3256 650 3322 tibi
681 3257 829 3322 relietum
860 3261 908 3323 est
937 3260 1056 3325 retines
1084 3261 1208 3328 miseri-
1309 3285 1310 3296 ¹

938 3367 1093 3432 manium.

269 3482 377 3536 Nonius
402 3489 466 3552 214,
486 3489 519 3538 20
548 3483 710 3556 ‘miseria,
742 3488 774 3540 ut
804 3503 899 3558 saepe,
931 3487 1041 3558 generis
1069 3488 1208 3548 feminini.

199 3551 300 3607 Neutri
317 3553 453 3606 Laberius
472 3553 598 3611 Oaroere:
616 3555 712 3611 homo’
728 3573 751 3611 e.
766 3574 793 3625 q.
808 3573 829 3611 s.
