2686 3910
484 133 620 190 SEXTVS
638 134 827 192 TVRPILIVS
1090 137 1153 202 113

219 293 411 363 1199199996,
431 299 463 348 21
486 295 696 364 ‘comparare
720 297 828 351 ueteres
851 296 1014 351 confirmare
1036 298 1153 351 99999-

144 367 263 422 stituere
282 365 413 420 dixerunt
432 410 437 420 .
454 409 460 421 .
476 409 481 419 .
498 409 503 420 .
523 365 665 437 Turpilius
683 366 715 420 in
731 366 866 422 Lemniis:
884 368 1048 436 numquam'
1060 383 1083 422 e.
1093 386 1120 438 q.
1131 386 1152 423 s.

217 483 370 554 numquam
382 489 432 554 ,me
454 471 536 526 99199
555 473 752 544 AM(cntiep.):
769 475 804 542 cf.
818 473 989 556 ,Elocutus
1009 491 1099 546 cpuec.
1118 477 1158 530 II

145 551 198 600 693
272 543 437 614 ehganuam
454 543 529 598 AM
553 543 1063 617 919399193999991991919319

547 693 753 753 LEVOADIA

216 806 362 864 Λευκαδία
389 809 543 864 Menandri.
581 809 660 864 Hauc
686 809 813 864 fabulam
840 809 969 866 enarravi
993 810 1024 864 in
1047 811 1151 867 annall.

144 879 255 952 philoll.
269 879 356 934 LXIX
370 885 404 935 ³4
419 898 477 948 sqq.
498 897 576 934 orsus
595 897 613 934 a
631 880 721 936 Servii
738 881 809 936 Dan.
823 881 854 934 in
867 881 949 951 Verg.
964 881 1033 936 Aen.
1047 882 1086 936 Ill
1100 889 1152 937 979

143 953 207 1006 1999
226 951 292 1006 hoc:
320 951 419 1005 ‘Varro
442 949 517 1005 enim
541 951 678 1021 templum
695 951 798 1006 Veneri
823 953 859 1006 ab
878 951 975 1007 Aenea
999 952 1152 1024 conditum,

144 1023 195 1078 ubi
213 1039 288 1076 nunc
305 1022 411 1076 Leucas
430 1025 486 1089 999,
510 1021 592 1078 dicit:
620 1022 775 1090 quamuis
802 1023 987 1078 Menander
1014 1026 1048 1078 et
1071 1023 1152 1078 Tur-

143 1093 254 1164 pilius
273 1092 395 1147 comici
414 1110 431 1146 a
449 1092 585 1148 Phaone
603 1093 726 1148 Lesbio
745 1093 779 1146 id
797 1094 959 1164 templum
977 1094 1153 1150 conditum

144 1165 272 1219 dicant.
310 1163 367 1232 qui
390 1181 461 1218 cum
484 1167 575 1218 esset
592 1163 844 1234 nauicularius,
864 1165 989 1220 solitus
1008 1184 1026 1221 9
1044 1166 1151 1220 Lesbo

143 1236 179 1290 in
207 1234 442 1290 continentem
468 1235 639 1304 proximos
671 1251 822 1304 quosque
854 1237 1007 1291 mercede
1039 1239 1152 1293 transf

143 1307 282 1374 uehere,
305 1306 468 1361 Venerem
493 1309 659 1360 mutatam
685 1305 720 1359 in
748 1307 846 1360 anuis
874 1306 1014 1362 formam
1041 1307 1151 1378 gratis

143 1377 354 1434 transuexit:
378 1380 587 1447 quapropter
610 1377 651 1432 ab
670 1393 709 1431 ea
728 1377 874 1432 donatus
893 1377 1061 1460 unguenti
1079 1378 1151 1432 ala-

143 1450 264 1504 bastro
287 1465 360 1502 cum
383 1463 416 1502 se
439 1447 518 1502 inde
541 1451 650 1503 totum
673 1451 852 1518 ungueret,
875 1447 1021 1504 femmas
1044 1449 1079 1503 19
1099 1450 1151 1504 991

144 1536 292 1575 amorem
313 1519 488 1588 trahebat,
514 1519 549 1572 in
572 1519 647 1588 quis
670 1518 739 1573 fuit
762 1536 839 1588 una,
867 1536 952 1588 quae
976 1520 1015 1574 de
1037 1524 1151 1576 monte

143 1591 305 1660 Leucate,
324 1607 397 1643 cum
414 1589 521 1659 potiri
540 1589 613 1644 eius
631 1589 803 1660 nequiret,
821 1589 992 1646 abiecisse
1012 1607 1045 1646 99
1064 1591 1151 1646 dici-

143 1665 211 1717 tur:
230 1661 304 1715 unde
322 1678 396 1714 nunc
415 1664 559 1716 auctorare
578 1677 607 1714 se
626 1660 776 1729 quotannis
792 1661 883 1716 solent
896 1661 945 1730 qui
960 1661 995 1716 de
1009 1679 1042 1717 eo
1055 1665 1152 1718 monte

142 1733 284 1788 iaciuntur
301 1731 332 1786 in
349 1732 486 1802 pelagus!
510 1732 650 1801 (Leucas
670 1735 722 1786 est
740 1731 846 1802 scripsi,
860 1735 893 1787 ut
905 1735 1006 1802 postea
1018 1733 1151 1804 Hagenus

143 1804 315 1858 leucasem
328 1802 408 1858 Bern.
459 1802 557 1858 anuis
576 1803 674 1873 scripsi
692 1803 791 1857 nauis
805 1804 885 1858 Bern.
902 1821 984 1858 anus
998 1804 1150 1859 Masvicius

178 1873 259 1928 inde
277 1877 388 1928 toturn
401 1874 446 1928 991
464 1874 543 1928 1919
562 1891 681 1944 corpus
701 1877 735 1928 ct
752 1873 885 1928 uultum
903 1874 1009 1929 conieci
1025 1875 1059 1928 in
1078 1875 1150 1930 (1199

142 1945 293 2000 inditum
310 1945 390 2000 Bern.
410 1945 549 1999 inlitum
566 1945 623 2000 91(1.
642 1945 672 1998 19
694 1945 844 2000 inditum
869 1945 976 2016 latere.)
1013 1945 1052 2001 Of.
1071 1963 1151 2016 prae·

141 2019 222 2073 iturea
239 2015 378 2071 Lucienus
398 2016 464 2071 dial.
478 2018 559 2071 mort.
574 2022 599 2084 9,
614 2022 630 2070 2
649 2025 708 2086 μῶν
725 2017 775 2070 καὶ
793 2016 826 2071 oei
843 2035 908 2071 τινα
926 2015 1017 2086 ὥσπερ
1036 2017 1051 2072 ὁ
1067 2016 1151 2072 Φάων

141 2085 375 2215 clausula
388 2083 750 2229 99999999
768 2082 1150 2228 9199999119

938 2199 946 2225 5

142 2249 168 2286 9.
183 2230 211 2285 h.
229 2229 282 2283 XII
301 2233 342 2284 18.
378 2228 474 2283 Pinxit
492 2224 587 2282 anteiri
604 2227 744 2298 'liupilius
764 2228 972 2283 adulescentem
991 2229 1026 2283 ab
1045 2233 1149 2298 amata,

141 2317 216 2370 quae
238 2299 443 2354 navicularium
471 2299 591 2381 deperit,
619 2299 772 2366 desertum,
799 2299 942 2354 Phaonem
964 2316 1043 2368 vero,
1067 2317 1150 2368 quem

142 2371 212 2428 olim
231 2387 326 2426 omnes
344 2371 483 2440 fugerant,
501 2387 559 2425 1am
576 2369 668 2440 ipsum
685 2369 879 2425 fastidientem
895 2373 924 2424 et
940 2369 1053 2440 puellae
1071 2369 1149 2425 illius

142 2459 252 2498 amores
275 2444 458 2512 spernentem.
496 2441 573 2506 Quae
595 2441 641 2495 991
663 2441 813 2510 desperans
836 2440 882 2495 991
907 2440 985 2495 19999
1009 2441 1045 2495 ab
1068 2457 1101 2496 ec
1119 2442 1150 2496 in

141 2530 219 2568 mare
239 2529 268 2567 99
286 2512 396 2582 proicit,
414 2513 488 2567 unde
507 2513 543 2566 ab
563 2511 741 2566 adulescente
759 2512 878 2567 fortasse
897 2515 1009 2566 9999999
1024 2512 1060 2566 ad
1075 2512 1149 2566 anti-

141 2602 228 2654 quam
246 2583 476 2638 consuetudinem
491 2582 572 2638 redit.
599 2583 659 2637 Iam
676 2585 765 2638 restat
782 2585 814 2638 ut
833 2582 959 2653 personis
978 2582 1035 2637 suis
1055 2583 1149 2638 distri-

141 2657 267 2710 buantur
284 2654 433 2724 reliquiae:
453 2653 639 2710 adulescentis
657 2655 678 2724 1,
697 2670 761 2708 cum
775 2653 831 2708 alio
846 2653 1057 2710 sermocinantis
1071 2655 1098 2708 H
1110 2655 1149 2709 111
1189 2704 1191 2708 .

142 2727 182 2782 IV
195 2727 221 2781 V
234 2725 279 2796 (cf.
299 2725 368 2782 Eun.
384 2725 496 2795 Thyest.
511 2725 585 2796 VIII)
599 2725 662 2794 VH,
682 2724 802 2780 amicam
820 2724 940 2780 fortasse
958 2725 1063 2781 frustra
1080 2726 1151 2780 mul-

141 2797 232 2854 centis
250 2797 302 2864 VI,
329 2797 441 2879 puellae
468 2795 572 2867 (Dorcii
596 2799 667 2866 puta
689 2796 761 2852 conl.
779 2796 854 2867 XVI)
882 2796 917 2852 de
946 2798 1060 2861 Phaone
1077 2797 1150 2867 VIH,

142 2867 352 2924 confabulantis
371 2885 435 2922 cum
452 2869 550 2922 eodem
567 2867 606 2921 IX
624 2867 661 2936 X,
689 2865 790 2920 deinde
815 2871 929 2938 propter
952 2867 1033 2938 litus,
1060 2869 1150 2938 prius-

141 2957 229 3009 quam
255 2937 339 2992 undis
367 2955 396 2994 99
423 2939 621 3008 committeret,
649 2937 805 2992 oberrantis
828 2939 879 3007 XI,
907 2939 1094 2994 adulescentis
1122 2942 1151 2994 et

143 3010 228 3065 amici
241 3009 293 3064 XII
306 3009 378 3080 XIII,
397 3009 457 3064 eius
471 3009 519 3078 qui
533 3009 687 3064 luctantem
700 3008 859 3078 expiscatus
873 3012 935 3064 erat
947 3010 1020 3080 XIV,
1038 3009 1162 3080 puellae*

142 3082 247 3152 frigore
265 3080 422 3136 laborantis
440 3081 499 3151 XV,
524 3079 710 3135 adulescentis
729 3079 760 3133 in
777 3080 899 3150 gratiam
917 3097 980 3134 cum
999 3081 1090 3136 amica
1108 3098 1150 3140 re.-

142 3151 256 3208 deuntis
275 3152 346 3208 XVI.
383 3151 510 3222 Denique
527 3151 644 3222 nuptiae
661 3153 797 3220 parantur
814 3151 847 3207 fr.
862 3151 940 3205 XVII

639 3283 655 3342 I

143 3383 246 3464 Quem
270 3385 348 3450 olim
370 3385 494 3471 oderat,
516 3385 656 3450 sectatur
678 3384 764 3450 ultro
787 3405 824 3449 ao
847 3384 981 3450 detinet:
1151 3401 1203 3450 100

143 3489 205 3557 Ille
227 3491 369 3556 insolens
391 3495 497 3556 autem
520 3491 704 3556 9919991119
726 3491 880 3556 carnifex!

196 3604 277 3648 Scaea.
290 3615 351 3655 poss.
365 3605 524 3657 1191919939,
539 3606 574 3649 ed.
588 3605 704 3647 Rnnncx.
718 3606 749 3646 H.
974 3601 990 3650 8
