2686 3910
467 173 652 230 CAECILIVS
671 173 822 230 STATIVS
1108 174 1150 238 87

206 336 297 391 Varro
320 336 356 390 de
378 335 435 390 l.1.
457 335 507 388 VH
525 340 576 389 103
595 335 632 390 M.
653 335 759 389 ‘mulla
784 334 821 389 ab
846 333 1012 388 animalium
1030 333 1148 388 uocibus

133 408 243 464 tralata
260 407 291 460 in
308 406 449 476 homines,
467 405 572 476 partim
590 421 662 474 quae
681 409 748 460 sunt
765 407 876 476 speria,
915 404 1000 460 arbim
1019 405 1147 460 obscura.

134 479 296 550 Perspicua,
310 481 343 532 ut
357 520 364 532 .
376 522 381 531 .
394 523 399 532 .
414 476 573 533 Caecilii:
593 478 715 531 tauium’
731 493 755 532 e.
765 494 792 545 q.
803 495 824 531 s.
843 424 937 547 (oilli
955 475 1028 531 Flor.
1043 477 1146 547 Haun.)

206 588 319 640 tantam
337 584 466 656 Scaliyer,
485 587 533 655 qai
549 583 676 638 dibalare
689 585 774 638 remi
866 589 957 639 cietur
970 591 1149 652 καταφαγεῖν

134 657 188 728 τὴν
203 653 316 712 οὐσίαις
331 657 412 711 immo
421 658 593 726 vituperem
602 657 650 725 qai
658 662 787 712 reectum
795 654 834 709 ba
884 654 929 724 do,
939 656 959 710 i.
969 671 990 709 e.
1000 656 1148 726 querendo

134 729 248 796 differre
265 734 291 782 et
308 728 450 798 diculycrc
466 743 524 782 aon
540 728 641 782 emtas
658 728 702 782 sic.
722 728 835 781 tantum
853 746 875 780 ω

606 858 682 918 VIII

133 976 144 1025 1,
171 1013 177 1025 ,
202 1012 209 1025 ,
233 1011 240 1024 ,
263 959 360 1024 nimis
383 959 534 1025 audacem
556 959 716 1044 nimisque
739 959 876 1024 bardum
897 958 1072 1023 birbarum
1151 999 1206 1048 250

209 1081 293 1135 Pauli
306 1081 405 1136 Festus
418 1099 445 1162 p.
461 1087 496 1136 34
509 1081 546 1136 M.
567 1082 709 1136 ‘bardus
729 1081 841 1149 stulius,
860 1097 878 1135 a
891 1079 1027 1135 tarditate
1041 1079 1150 1150 ingenii

101 1157 104 1163 '
136 1152 308 1224 appellatur.
346 1151 497 1209 Caecllius:
516 1152 611 1207 nimis'
631 1169 655 1208 e.
675 1171 701 1222 q.
722 1171 742 1207 s.

625 1303 668 1361 IX

138 1403 338 1490 Quisquilias
360 1403 513 1489 uolantis,
536 1401 626 1468 uenti
649 1403 752 1488 spolia
774 1402 1002 1468 memorant21'
1020 1403 1133 1468 modo!

211 1527 310 1581 Festus
328 1544 355 1596 p.
375 1531 427 1580 257
445 1525 483 1579 M.
504 1523 734 1593 ‘quisquiliae
762 1523 819 1578 dici
845 1527 983 1595 putantur
1009 1524 1151 1594 quidquid

64 1632 67 1638 ,
136 1616 174 1655 ex
191 1597 338 1652 arboribus
356 1595 472 1650 minutis
491 1595 664 1650 surculorum
681 1595 849 1650 foliorumue
865 1596 950 1666 cadit,
969 1595 1050 1651 uelut
1068 1596 1153 1664 quid-

136 1668 318 1739 quidcadiae.
355 1667 506 1722 Caecilius:
525 1666 703 1735 quisquilias’
724 1683 747 1722 e.
762 1685 789 1736 q.
804 1685 825 1722 s.
862 1667 902 1722 Cf.
921 1667 1040 1737 Hymnis
1058 1667 1106 1722 VI.

212 1791 362 1842 memoras,
381 1773 392 1826 i
409 1773 493 1828 modo
512 1772 633 1845 Scaliqer

635 1906 662 1964 X

136 2008 306 2074 Omnibus
328 2006 462 2072 laetitiis
484 2006 587 2072 laetus
613 2005 726 2072 incedo
752 2057 884 2073 .....

212 2129 309 2184 Cicero
328 2128 363 2183 de
381 2129 427 2183 fin.
447 2129 516 2198 114,
536 2134 569 2183 13
590 2129 667 2182 ‘nam
684 2130 714 2182 et
731 2127 780 2182 ille
802 2128 877 2198 apud
895 2128 1034 2184 Trabeam
1051 2130 1152 2200 uolup-

138 2204 231 2257 tatem
249 2199 337 2254 animi
356 2199 475 2254 nimiam
496 2198 638 2254 laetitiam
660 2199 742 2268 dicit,
766 2199 885 2254 eandem
907 2217 993 2268 quam
1014 2200 1064 2254 ille
1083 2201 1152 2256 Cae-

139 2273 275 2338 cilianus,
299 2270 349 2340 qui
371 2270 527 2326 omnibus
555 2269 707 2325 laetitiis
735 2269 865 2324 laetum
891 2287 950 2326 esse
976 2287 1005 2325 se
1030 2273 1150 2326 namet!

138 2345 219 2399 ldem
243 2343 281 2396 ad
307 2341 373 2396 fam.
392 2341 419 2396 II
437 2347 453 2396 9
474 2343 598 2412 ‘repente
621 2357 687 2396 uero
715 2340 843 2396 incessi
866 2343 1022 2398 omnibus
1045 2342 1154 2398 laeti·

138 2415 202 2470 tiis
224 2414 365 2468 laeaus’.

139 2645 275 2660 .....
299 2593 456 2678 quantum
479 2596 643 2656 amanium
668 2593 703 2655 in
724 2589 845 2656 'Attica
868 2597 916 2656 est

215 2713 357 2770 Charisius
375 2731 402 2783 p.
418 2718 452 2768 98
466 2713 496 2768 Ρ,
517 2713 705 2767 ‘amantum
725 2711 871 2782 Caecilius,
889 2715 923 2767 ui
941 2712 1029 2768 etiam
1046 2713 1155 2770 Plinius

138 2788 236 2842 notat:
256 2784 403 2854 quenbum’
424 2801 448 2839 e.
467 2802 493 2852 q.
514 2802 535 2839 s,

214 2891 245 2945 in
263 2890 360 2945 Attica
377 2892 476 2960 scripsi
493 2889 520 2943 in
540 2889 636 2944 natica
654 2891 711 2946 cod.
731 2889 761 2944 in
778 2889 880 2944 riatica
897 2892 938 2946 ed.
953 2909 999 2962 pr.

622 3041 680 3098 XII

659 3163 779 3207 nomen
798 3141 952 3228 uirginis,

141 3251 216 3318 Nisi
240 3249 359 3314 mirum
378 3250 439 3331 esi,
462 3246 685 3334 deintegrauit.
1158 3266 1211 3317 255

214 3370 323 3426 Nonius
343 3373 403 3438 101,
422 3373 456 3421 25
477 3367 726 3439 ‘deiniegrare
751 3368 912 3424 deminuere
1003 3370 1156 3426 Caecilius:

142 3443 256 3500 nomeu'
277 3457 300 3496 e.
320 3458 346 3509 q.
366 3457 387 3494 s.
834 3446 837 3452 '
879 3447 881 3450 '

216 3555 230 3602 1
246 3565 284 3619 sq.
299 3549 383 3602 cuius
396 3547 544 3616 septenarii
556 3547 675 3613 fractam
688 3563 742 3603 esse
756 3549 815 3604 calc
828 3549 891 3604 Bae
950 3554 966 3602 2
985 3549 1041 3602 nisi
1054 3548 1157 3602 mirum
