2666 3914
211 153 213 160 '
315 127 319 133 ⁵
409 147 412 154 ’
464 175 641 243 lovmrvs.
678 175 832 232 urcmrvs
897 235 899 242 ,
1109 175 1152 242 39

139 355 210 394 mus.
248 337 428 392 Parasitus
450 335 501 391 ibi
524 337 678 392 esuriens
697 337 768 392 haec
785 337 869 392 dicit:
892 337 1024 392 utillum
1041 337 1072 391 oi
1090 351 1153 407 per·

142 411 221 464 ‹lant’
243 425 266 464 c.
286 427 311 478 q.
331 427 352 464 s.
390 409 429 464 cf.
453 408 616 463 Ammianus
640 407 820 463 Marcellinus
834 407 968 478 xmo,
982 415 1016 463 ’Π
1042 410 1153 464 ‘uenter

141 480 303 549 unicuique'
316 480 482 551 (Persarum)
498 479 588 534 ‘uelut
602 479 736 534 solamum
750 483 800 548 est,
815 496 904 548 eoque
917 483 1048 536 monente
1063 481 1149 550 quod’

153 555 265 622 quoml)
284 549 428 606 ‘inciderit
445 550 548 606 euitur’
568 550 632 605 XIX
646 557 699 618 8,8
721 549 812 606 ‘arida
831 550 879 606 siti
896 553 1051 621 reptantcs’
1068 555 1103 622 (v.
1115 555 1150 622 9).

175 668 181 678 .
201 622 332 678 Hertzius
350 625 466 678 rament.
487 621 606 676 Gelliam
617 621 643 676 V
656 641 683 692 p.
700 627 733 676 18
757 625 785 676 et
803 621 896 677 Herm.
912 627 942 690 8,
957 627 1017 677 286.
1050 621 1152 692 Dispu-

140 694 214 748 tavit
238 693 273 748 dc
297 693 426 748 (lolliano
449 691 542 763 capite
564 693 734 748 Bitschelius
757 693 869 764 Parerg.
883 691 897 747 I
911 699 944 747 83
953 711 1012 762 sqq.
1029 699 1079 748 123
1091 711 1150 762 sqq.

142 771 201 819 208.
239 763 281 818 De
305 765 469 820 solariorum
492 763 633 818 mentione
652 764 716 818 vide
734 782 809 818 nunc
828 781 901 833 quae
919 765 1098 835 Ostermayer
1116 765 1151 819 de

140 835 207 890 hist.
226 836 283 891 fab.
303 835 333 890 in
351 853 420 891 com.
440 835 480 890 Pl.
499 855 526 906 p.
542 842 575 890 57
595 839 624 890 et
641 835 697 890 Leo
716 833 757 890 Pl.
776 833 806 892 F.
823 841 874 892 138
892 839 1066 892 monuerunt.

213 947 230 994 4
249 960 336 996 unum
344 943 483 1011 Hortalus,
503 960 553 998 om.
564 963 585 996 or
605 941 673 996 olim
682 943 848 998 Bitsclelc'aa
896 959 963 996 nam
976 959 1020 996 me
1034 942 1151 1011 puerulo

140 1014 284 1068 Bentleioo
302 1013 406 1082 (puello
425 1014 565 1084 Hortalus)
619 1016 699 1067 ueter
716 1026 739 1082 ψ
759 1015 805 1084 (of.
820 1031 873 1069 eor.
888 1013 949 1083 XX)
1021 1013 1150 1067 tubiuis

139 1087 238 1154 scripsi
260 1084 310 1138 ubi
327 1083 382 1138 iste
401 1105 422 1138 ω
445 1083 538 1138 ubiuis
558 1085 600 1138 ste
619 1085 764 1154 Hemina·
781 1087 860 1155 prob.
881 1084 1081 1152 Fortassean,
1105 1087 1152 1140 ced

139 1157 174 1223 cf.
194 1155 310 1211 Skutsch
323 1173 352 1224 p.
369 1160 419 1210 146
442 1154 493 1210 ubi
510 1155 640 1210 obicum
657 1157 715 1212 edd.
735 1162 795 1211 cett.
815 1157 979 1212 thactelirls
996 1154 1070 1210 iuste
1089 1156 1151 1212 Boe

58 1233 60 1238 '
140 1243 229 1294 usque
252 1225 276 1280 is
299 1226 426 1282 Goetrc'rra
453 1225 503 1280 ubi
525 1225 549 1280 is
572 1243 629 1281 non
651 1229 816 1282 coniecerant
882 1225 1004 1298 Icteyro-
1017 1229 1151 1282 arcuatia

140 1299 270 1352 amidioae
284 1299 403 1353 -clclrtar
431 1298 662 1354 OFWMoellao
679 1299 697 1353 l.
712 1300 729 1354 l.
745 1303 798 1351 364
879 1303 894 1352 l
920 1311 1006 1366 quom
1033 1298 1151 1354 Bellica

139 1367 258 1438 quoda
281 1368 351 1437 quid
369 1369 443 1425 Rota
501 1371 577 1422 estur
594 1371 653 1424 edd.
671 1375 732 1424 cett.
756 1371 800 1432 cst
818 1389 839 1423 ω
916 1368 1086 1439 Boppidum
1106 1372 1151 1424 est
1180 1435 1183 1440 Ι

141 1439 320 1495 Heromoauc
342 1442 386 1494 est
407 1439 542 1509 oppidum
560 1461 581 1494 ω
671 1439 785 1509 9popli
802 1455 868 1509 pars
886 1439 1005 1496 Bellias
1093 1439 1152 1496 ium

139 1511 272 1566 Hortalo
289 1513 362 1580 ollm,
381 1527 431 1566 om,
450 1531 472 1564 a
536 1510 616 1565 arida
634 1513 672 1566 od
689 1513 833 1566 Ammiani
850 1513 1001 1582 exemplam
1019 1512 1151 1568 Hertrc'rls
1230 1552 1232 1558 η

192 1585 225 1636 ut
244 1599 268 1636 a.
288 1584 400 1651 reptent
418 1582 584 1638 Ritsohelius

631 1714 662 1772 Π

137 1811 205 1880 Vbi
226 1813 369 1900 primum
392 1837 542 1882 accensus
566 1816 719 1882 clamarat
741 1813 908 1882 meridiem
1170 1831 1204 1880 10

170 1969 173 1976 ·
209 1936 299 1991 Varro
318 1936 354 1990 de
372 1935 563 1992 1.1.Ἦ89Μ.
585 1935 780 1991 ‘accensum
803 1937 919 1992 solitum
942 1936 1013 1992 ciere
1028 1933 1151 1992 Boeotia

137 2006 275 2076 osteanIt,
304 2023 389 2076 quam
416 2007 591 2080 comoediam
613 2006 721 2076 Aquilii
749 2024 809 2062 esse
837 2007 935 2062 dicunt
977 2007 1030 2062 hoc
1054 2025 1150 2064 uersu:

137 2078 198 2132 ubi'
219 2095 242 2133 e.
256 2095 284 2202 a}
306 2077 321 2133 '.
363 2077 511 2148 (Aquilii
534 2077 679 2133 Turnebus
712 2077 776 2148 alii
799 2074 872 2134 libri.
913 2053 954 2135 CI.
979 2079 1151 2134 Ititschelius

137 2143 250 2220 Parerg.
293 2153 324 2203 11
336 2152 388 2220 sq.)

183 2251 334 2382 chmm
350 2256 455 2324 Guelfi¹
470 2255 600 2310 clamarit
613 2255 718 2312 Laetae
732 2255 868 2311 clamauit
878 2256 1019 2329 Orostrae:
1039 2275 1078 2314 aa
1092 2257 1150 2312 cla·

137 2345 184 2382 ma
205 2345 222 2381 a
275 2347 278 2352 ·
1078 2343 1080 2348 ·

283 2558 292 2576 ⁶
382 2549 643 2638 LICINIVS
676 2547 910 2636 IMBRNX

564 2741 730 2801 mmmm

205 2859 248 2914 cf.
269 2845 382 2928 ustae
400 2858 533 2914 Timoclis
552 2861 580 2914 et
598 2857 779 2913 Philemonis.
808 2859 861 2914 vu
879 2859 959 2914 moes
978 2859 1024 2915 ver
1042 2859 1150 2930 parasi-

135 2933 181 2984 tus
201 2932 362 2984 assentator
381 2933 492 2984 amatae
511 2929 571 2984 eius
590 2929 682 2984 dicere
701 2928 820 2991 videtur.

134 3038 221 3106 Nolo
244 3041 307 3126 ego
330 3038 488 3104 Neaeram
511 3040 544 3104 te
566 3041 696 3123 nocent,
719 3039 775 3103 sed
796 3037 982 3126 Nerienem,

91 3197 93 3204 Α
136 3145 218 3211 Gom
242 3141 373 3230 quidem
396 3143 537 3211 Mauorti
561 3167 594 3210 es
616 3145 652 3209 1'11
674 3145 848 3210 conubium
872 3146 953 3211 data.

206 3265 316 3322 Gellius
330 3265 395 3321 XIII
409 3273 442 3322 23
456 3269 520 3337 (22),
532 3273 565 3322 16
585 3267 709 3336 ‘praeter
726 3263 859 3320 Plautum
876 3266 964 3321 etiam
981 3271 1149 3340 praeterque

135 3337 260 3408 Gellium
273 3335 397 3392 Licinius
411 3337 528 3407 Imbrex,
543 3340 625 3392 uetus
640 3335 847 3392 comoediarum
860 3337 987 3408 scriptor,
1005 3339 1036 3394 in
1050 3339 1150 3396 fabula

135 3426 207 3477 quae
225 3409 338 3464 Neaera
357 3409 462 3479 scripta
480 3411 523 3463 est
541 3409 583 3463 Ita
602 3407 726 3478 scripsit:
745 3407 822 3462 nolo’
843 3425 865 3462 e.
881 3427 907 3476 q.
923 3409 943 3463 s.
980 3409 1035 3464 ‘Ita
1054 3415 1149 3466 autem

134 3496 164 3534 se
182 3496 316 3534 numerus
335 3480 450 3535 huiusce
468 3497 565 3534 uersus
584 3479 683 3547 habet,
707 3481 740 3532 ut
757 3478 842 3532 tertia
861 3478 891 3532 in
910 3496 942 3534 eo
961 3481 1073 3535 nomine
1092 3481 1149 3563 syl-

134 3549 202 3606 laba
229 3554 329 3606 contre
356 3569 442 3620 quam
469 3567 554 3621 supra
581 3551 688 3605 dictum
715 3551 759 3603 est
787 3549 962 3618 corripienda
989 3551 1039 3620 sit,
1068 3567 1147 3605 curus
