2686 3910
461 131 646 188 ennomus
664 132 815 188 STATIVS
1013 195 1015 200 ,
1101 132 1141 198 79

131 290 299 346 Simboloz
318 291 427 346 sudirc'
443 309 466 346 c.
478 310 536 360 q.s.
556 292 725 362 (symbolo
739 293 879 348 Merccrus
896 293 1056 350 sembono
1076 292 1144 348 effi

129 363 180 416 LP
199 379 233 416 ex
252 363 427 418 soembolo
446 367 538 418 ortum
557 365 698 417 embono
717 363 803 418 ceteri
821 363 898 435 libri)

203 485 289 537 quom
306 471 405 540 scripsi
423 471 498 540 quod
517 491 538 526 ω
557 487 630 540 quae
648 472 768 526 Bothius

436 683 440 694 .
488 637 787 700 SYNARISTOSAE

202 753 246 806 Ex
264 753 413 810 Menandri
431 753 616 824 Synaristosis
634 755 705 810 haec
733 755 782 822 (IV
801 783 834 800 =
853 761 905 810 449
924 753 981 824 Κ.);
1005 753 1093 824 Ἔρως
1111 754 1143 810 dt

130 833 187 880 τῶν
213 829 293 880 θεῶν
317 823 408 894 ’Iopis
436 825 507 896 ἔχων
534 828 665 896 πλείστην
693 825 736 882 ἐπὶ
765 827 865 882 τούτου
893 823 1050 880 δείκνυται·
1087 826 1144 880 Διὰ

131 905 234 952 τοῦτον
262 895 423 963 ἐπιορκοῦσι
449 898 515 960 τοὺς
542 897 641 960 ἄλλους
668 897 756 962 θεούς
783 896 880 950 affinia
907 895 997 950 videri
1026 900 1144 967 possunt

132 967 236 1023 amoris
254 966 388 1022 laudibus
407 984 480 1036 quae
499 970 565 1026 sunt
584 969 659 1040 apud
676 971 804 1042 nostrum
821 967 875 1022 inc.
894 967 951 1022 fab.
970 968 1029 1022 XV.
1079 1027 1082 1034 ,

132 1095 213 1159 Heri
236 1095 314 1159 uero
337 1095 540 1182 prospexisse
563 1117 636 1160 eum
660 1117 693 1159 se
716 1117 755 1160 ex
778 1096 911 1181 te‘gulis:

85 1267 87 1271 .
132 1201 221 1266 Haeo
243 1201 408 1266 nuntiasse
431 1205 464 1267 ot
485 1202 669 1268 flammeum
693 1205 861 1286 exposssim
885 1201 971 1268 domi

205 1321 313 1377 Gellius
332 1321 391 1391 XV,
412 1328 445 1376 15
470 1323 522 1376 ‘ab
547 1339 579 1377 co
604 1323 680 1390 quod
703 1324 746 1376 est
768 1323 874 1393 pando,
897 1339 1013 1392 passum
1035 1323 1144 1376 ueteres

133 1394 278 1462 dixerunt,
304 1410 362 1448 non
379 1411 511 1463 pansum,
535 1397 564 1450 et
582 1411 646 1448 cum
664 1411 703 1456 ox
720 1393 928 1463 praepositione
951 1410 1143 1464 expressum,

133 1482 190 1519 uon
208 1481 370 1534 expansum.
408 1464 546 1520 Caecilius
564 1465 595 1520 in
618 1464 817 1534 Synaristosis:
838 1464 914 1520 heri’
940 1481 1009 1532 e.-q.
1030 1482 1050 1518 s.
1087 1464 1145 1518 No-

133 1537 198 1592 nius
212 1542 319 1605 3‘10‚14
339 1536 490 1606 ‘passum
508 1536 672 1605 dispersum,
691 1536 834 1591 solutum.
852 1534 1033 1594 ..Caecilius
1053 1535 1144 1590 sina·

135 1607 277 1662 ristosis
294 1606 511 1676 (inaristosis
531 1607 598 1662 Gen.
617 1607 718 1677 Harl.):
736 1607 815 1680 heri’¹
829 1624 851 1664 e.
872 1625 898 1676 q.
919 1625 939 1664 s.

207 1719 221 1768 1
240 1712 302 1768 heri
321 1714 496 1784 pyrrichium
518 1731 634 1784 aquare
657 1716 850 1772 dcnwuctrcoit
868 1715 1036 1770 thschclc'us
1053 1730 1143 1784 opusc.

57 1831 60 1836 .
135 1785 173 1842 II
188 1789 240 1838 255
320 1801 434 1854 eumpse
452 1787 555 1842 conieci
573 1787 647 1856 (item
664 1787 810 1858 Bcrplcc'cs)
829 1787 863 1852 cf.
883 1803 906 1840 c.
927 1791 960 1838 29
1044 1801 1073 1838 sc
1093 1827 1099 1840 .
1116 1829 1143 1838 ..

135 1855 294 1910 flammeum
311 1872 361 1912 om.
380 1855 491 1910 Nouius
509 1857 577 1982 politi
594 1859 666 1928 quod
683 1872 712 1910 se
731 1872 796 1910 eum
813 1857 891 1912 tabet
910 1857 988 1926 Par.)
1039 1861 1054 1909 2
1073 1855 1144 1909 haec

136 1945 169 1982 m.
185 1944 308 2010 pusup.
329 1927 421 1984 Petau.
441 1927 492 2008 hec
540 1945 589 1982 oss.
670 1927 870 1996 nuntiassetp
920 1930 981 2008 Met
999 1925 1145 1980 nuntiasse

135 1998 284 2072 Bcrpkcus:
303 2015 342 2056 aa
360 2001 538 2054 ecnunt1asse
557 2000 603 2053 et?
696 1997 745 2052 dr'u
763 2001 791 2069 (ι’.
810 2017 832 2054 c.
852 1999 968 2068 domins)
988 1999 1054 2054 Par.
1071 1999 1143 2053 Voss.

527 2165 755 2224 SYNEPHEBI

206 2278 371 2354 Συνέφηβοι
393 2280 541 2334 Menandri
564 2283 637 2335 teste
660 2253 792 2336 Cicerone
816 2281 851 2335 de
874 2282 952 2336 fin.I
975 2271 1036 2350 2‚'4
1060 2281 1146 2334 etde

136 2355 192 2422 opt.
211 2369 275 2422 gen.
295 2369 333 2406 or.
352 2357 393 2406 18.
414 2351 633 2422 ‘Synephebum’
654 2355 779 2406 saturam
797 2353 886 2407 Varro
905 2355 937 2406 ut
955 2351 1082 2406 Philemo
1101 2368 1146 2405 co-

134 2423 276 2477 moediam
293 2421 469 2492 inscripsisse
486 2421 605 2478 ridetur.

631 2538 647 2596 I

134 2637 173 2706 ln
196 2640 306 2706 amore
328 2661 426 2704 suaue
449 2643 499 2704 est
520 2643 645 2705 stimmo
669 2661 857 2724 summaque
879 2637 990 2723 inopia

134 2744 306 2810 Parentem
329 2745 446 2810 habere
469 2747 602 2810 austrum
624 2746 814 2831 inlepidum,
837 2746 871 2810 in
894 2745 1014 2809 hteros
1097 2789 1099 2792 -
1148 2763 1200 2814 200

135 2849 325 2938 Difficilem,
348 2853 404 2937 qui
427 2856 459 2916 te
481 2855 540 2918 ne'o
563 2856 649 2918 amet
671 2874 730 2918 neo
752 2852 880 2926 studesit
902 2851 974 2939 tui.¹

136 2956 204 3022 Aut
226 2962 263 3022 tu
286 2957 380 3026 illum
398 2959 490 3024 lusto
514 2960 607 3023 fellas
630 2963 686 3023 aut
708 2980 765 3044 per
786 2959 912 3023 litteras
936 2971 939 2978 '

109 3062 275 3167 ⁵Aue'rtas
298 3065 429 3149 aliquod
451 3067 568 3132 ndmen
591 3069 647 3130 aut
668 3087 726 3150 per
749 3065 911 3130 seruolum

136 3169 301 3236 Percdtias
324 3172 491 3256 pauidum,
514 3173 676 3256 pdstrsmo
700 3195 718 3236 a
740 3173 837 3256 parco
860 3175 952 3256 patre

137 3276 230 3354 Quod
252 3283 361 3344 sumas
383 3281 504 3362 quanto
527 3277 661 3363 dissipes
683 3279 852 3348 libentius!
1149 3275 1213 3344 205'

547 3383 569 3426 ἢ(
719 3383 738 3426 s

633 3429 652 3472 ss

138 3489 239 3568 Quem
262 3492 366 3575 ne'quc
390 3513 454 3575 quo
477 3495 571 3576 pacto
594 3492 705 3556 fallam
727 3514 786 3556 nec
808 3492 886 3576 quid
903 3491 1174 3578 inde‘ualifersm„
