2668 3904
178 154 243 220 330
615 150 751 207 NOVIVS

634 311 728 378 Vfflb

125 442 176 491 110
187 472 407 490 .....
454 423 579 506 aliquot
602 419 817 504 altipendulos

182 527 389 616 ¹Relr‘quimus
412 528 593 592 uindemiae
616 527 813 612 superstites.

250 656 312 721 leq.
331 652 467 706 Numeros
484 652 608 705 indicam

247 757 291 812 Fr.
305 758 345 812 IX
363 757 437 812 inter
454 757 615 812 Naevianus
634 773 738 824 quaere
756 755 890 824 reliquias
909 772 980 812 com.
995 754 1050 810 inc.
1064 754 1165 810 XXIX.

124 1048 175 1097 113
670 943 698 1000 X
763 1025 841 1110 quid
863 1026 983 1111 ploras,
1008 1025 1122 1110 pater?
1146 1063 1190 1071 -

176 1135 296 1200 Mirum
320 1134 355 1198 ni
377 1137 503 1198 cantem
527 1185 533 1197 .
558 1184 565 1196 .
589 1132 817 1196 condemnatus
840 1155 920 1197 sum.

248 1255 343 1312 Cicero
362 1255 397 1309 de
416 1257 486 1309 orat.
501 1255 527 1308 H
546 1260 588 1323 69,
604 1260 655 1308 279
677 1255 731 1308 ‘me
755 1253 869 1322 quidem
890 1253 1003 1308 hercule
1026 1253 1113 1308 etiam
1136 1253 1191 1308 illa

176 1329 261 1382 ualde
283 1329 398 1381 mouent
424 1325 602 1380 stomachosa
625 1328 654 1379 et
678 1325 760 1394 quasi
784 1326 948 1380 submorosa
971 1325 1104 1394 ridicula,
1132 1342 1193 1378 non

177 1417 240 1454 oum
254 1417 271 1453 a
284 1415 394 1452 moroso
411 1397 555 1465 dicuntum
574 1399 636 1450 tum
649 1397 724 1450 enim
741 1414 798 1451 non
817 1397 867 1466 sal,
887 1397 936 1450 sed
954 1399 1057 1450 natura
1072 1395 1191 1452 ridetur.

176 1472 208 1524 Iu
227 1487 294 1538 quc,
318 1471 350 1523 ut
367 1469 438 1522 mihi
456 1469 582 1538 uidetur,
605 1465 762 1538 persalsum
782 1467 855 1522 illud
873 1471 916 1522 est
935 1468 1011 1537 apud
1029 1466 1192 1524 Nouium:

178 1541 257 1610 quid’
274 1558 296 1596 e.
312 1559 338 1609 q.
354 1558 375 1594 s.

249 1654 315 1716 leq.
340 1646 432 1711 Quid?
456 1647 564 1716 ploras,
587 1648 686 1716 pater?
710 1648 723 1708 l
745 1645 847 1700 mirum
869 1645 899 1698 ni
923 1647 974 1716 (oei
995 1645 1097 1699 mirum
1120 1645 1191 1713 quin

176 1721 245 1774 corel.
261 1719 363 1773 Ptoou
381 1719 458 1774 Trio.
473 1723 537 1787 495)
561 1720 684 1772 cantem:
710 1718 911 1771 condemnatus
935 1735 996 1770 sum
1019 1719 1191 1786 septenarius

173 1792 282 1860 placuit
307 1807 443 1860 aucupato
470 1792 502 1843 e'u
529 1789 670 1844 Loatsote'i
694 1789 752 1843 iud.
773 1791 869 1858 philol.
891 1793 960 1842 1870
981 1807 1011 1858 p.
1032 1793 1097 1856 392,
1124 1789 1190 1843 item

178 1863 303 1987 Berytip.
331 1861 422 1985 Iueerlc'
439 1877 487 1931 epo
505 1862 612 1930 quidone
630 1877 715 1914 causa
733 1861 774 1914 uel
792 1859 893 1929 capiti·
912 1862 991 1916 celim
1051 1866 1067 1913 2
1086 1857 1190 1912 mirum

178 1951 227 1988 om.
242 1949 272 1988 co
292 1934 317 1988 d.
332 1933 425 1986 mutii

662 2046 704 2104 XI

124 2148 305 2226 astruenti
329 2146 511 2211 addietust?
534 2185 576 2192 —
600 2146 690 2210 Mille
713 2170 889 2212 nummum.
911 2187 952 2194 —
976 2145 1070 2214 Nr'hil
1093 2148 1190 2214 addo:

816 2255 912 2319 ducas
934 2255 1020 2319 licet.
1050 2263 1057 2272 '

249 2376 344 2431 Cicero
363 2377 398 2430 de
418 2378 487 2432 orat.
504 2377 530 2429 H
549 2382 592 2446 63,
607 2381 658 2430 255
679 2373 868 2430 ‘notissimum
886 2375 999 2429 ridiculi
1017 2393 1105 2446 genus
1125 2393 1190 2430 cum

178 2448 257 2502 aliud
282 2451 473 2518 expectamus,
503 2447 580 2501 aliud
607 2447 716 2500 dicitur.
754 2446 807 2500 Hic
832 2447 973 2501 nobismet
998 2447 1067 2517 ipsis
1092 2451 1190 2502 noster

177 2537 253 2574 error
274 2519 362 2572 risum
384 2522 487 2573 mouet.
525 2518 649 2584 Quodsi
672 2517 828 2572 admixtum
846 2521 890 2572 est
910 2519 997 2572 etiam
1015 2518 1187 2588 ambiguum,

177 2592 209 2645 fit
228 2589 341 2660 salsius,
363 2592 395 2643 ut
415 2591 490 2658 apud
508 2589 654 2644 Nouium
671 2589 784 2643 uidetur
803 2606 863 2643 esse
881 2589 1038 2645 misericors
1056 2589 1118 2658 ille,
1138 2589 1188 2658 qui

177 2661 333 2716 iudicatum
347 2661 411 2714 duci
426 2661 525 2714 uidens
542 2663 723 2730 percontatur
735 2660 790 2716 ita:
810 2661 932 2728 quanti
948 2705 953 2716 .
970 2706 975 2716 .
992 2706 997 2716 .
1012 2678 1186 2716 nummum.

178 2733 208 2788 Si
231 2731 387 2786 addidisset
409 2735 522 2786 tantum
547 2733 630 2786 modo
657 2733 760 2786 ducas
785 2731 882 2800 licet,
908 2734 982 2786 esset
1004 2731 1076 2784 illud
1099 2749 1188 2802 genus

176 2802 289 2858 ridiculi
306 2805 418 2872 praeter
437 2803 672 2872 expectationem,
692 2803 741 2858 sed
760 2803 827 2870 quia
846 2802 958 2857 addidit
975 2803 1066 2856 nihil
1085 2803 1187 2872 addo,

125 2874 128 2879 ’
177 2877 280 2929 ducas
308 2873 406 2944 licet,
438 2874 535 2929 addito
560 2875 704 2944 ambiguo,
734 2873 822 2928 altero
846 2891 947 2944 genere
969 2873 1095 2942 ridiculi,
1123 2873 1188 2943 fuit,

176 2950 209 3001 ut
226 2945 296 3000 mihi
315 2945 429 3013 quidem
447 2945 568 3016 uidetur,
588 2946 778 3002 salsissimus)
816 2945 984 3000 Naeuium
1001 2946 1127 3000 Lauduu.

208 3127 220 3179 t
248 3051 392 3178 affici&
400 3053 500 3119 mutuli,
509 3053 566 3107 uisi
575 3054 646 3122 quod
657 3051 809 3107 adductust
819 3052 901 3108 Harl.
913 3051 1042 3106 addictus
1053 3053 1187 3109 Lauduu.

177 3142 206 3180 es
234 3141 251 3178 a
291 3141 326 3178 uc
341 3141 390 3194 ax

178 3392 399 3406 .....
445 3337 571 3422 sapiens
594 3339 622 3402 si
645 3337 780 3426 algebiS,
804 3341 929 3404 tremes

248 3461 343 3514 Cicero
363 3462 397 3514 de
417 3463 486 3514 crat.
501 3459 527 3512 Il
547 3465 588 3527 70,
606 3465 657 3513 285
679 3461 805 3528 ‘praeter
828 3460 1051 3529 expectationem
1075 3461 1189 3530 accidit,

177 3534 210 3586 ut
232 3534 333 3585 testem
357 3531 481 3584 omnium
503 3529 575 3583 risus
599 3531 736 3586 obrueret.
773 3530 864 3585 Huius
887 3531 997 3601 generis
1021 3534 1064 3586 est
1086 3531 1189 3602 plenus
